4017 6317
286 272 339 329 ooo
888 266 1009 327 suncti
1029 264 1158 323 ttttuutt
1180 260 1334 319 totstost
1853 263 1888 319 sn

285 388 334 459 sit,
346 389 466 445 cismnns
479 401 532 443 non
544 398 623 459 posse
638 382 715 451 iteri,
730 390 761 437 ιιι
775 378 874 451 aliquid
895 378 958 435 indo
970 392 1081 451 pecore·
1096 416 1122 477 Α
1135 378 1216 449 igitur
1235 376 1276 433 nn
1291 377 1383 447 popuii
1394 374 1545 448 judicium,
1566 389 1582 431 s
1599 374 1742 431 otimiano
1758 375 1787 431 sd
1798 379 1890 445 pututtua

288 494 343 539 tur.
367 480 422 539 nes
442 488 504 551 post
517 478 664 535 clamorem
686 474 801 531 muttum
814 473 929 531 deductu
951 472 980 529 in
1001 485 1085 529 cous·
1140 478 1289 527 trstsseuut.
1306 468 1465 541 Cuiusmodi
1478 469 1642 526 cernentium
1655 468 1683 523 iu
1698 466 1893 543 Eusebiuutuage

289 572 417 631 ciantium
446 569 531 644 piebis
557 577 599 627 est
624 569 740 641 :suauis
766 567 885 623 omnium
909 564 1088 629 dolosanus
1138 572 1310 635 astundam
1328 562 1473 623 moissiaco
1488 561 1527 635 (a)
1541 560 1742 634 ingrederetur,
1754 562 1894 637 suipertus:

288 672 352 731 est,
378 662 532 735 impugnata
546 670 587 717 est
609 674 625 717 s
644 658 832 717 sacerdotibus
855 656 932 715 tides.
956 654 1088 715 Veientes
1140 655 1176 716 de
1194 670 1225 713 se
1239 656 1357 729 loquitur
1371 656 1589 729 ipsuseutantia.

321 801 362 876 (a)
376 802 440 861 tiss.
457 816 563 859 summo
577 812 711 857 ammensu
724 840 732 867 ,
747 797 952 870 inpradcreutur.
968 794 1108 853 Deindein
1120 794 1180 851 soto
1192 793 1255 850 Vnt.
1277 794 1336 851 tiss.
1358 794 1391 850 tte
1408 810 1437 852 se
1447 793 1568 866 topratur
1586 794 1658 867 ipra,
1679 792 1779 850 omissa
1795 798 1896 849 numia.

285 951 463 1031 mm
519 1062 575 1135 ΙΝ
605 1058 892 1135 LIBELLUM
912 1054 1348 1144 SUBSEQUENTEM
1362 1052 1692 1129 constitnit).

323 1304 453 1370 Hiturius,
488 1300 648 1373 Hieronymo
668 1306 741 1365 teste,
777 1312 835 1352 cum
865 1290 1090 1367 Constantinopoli
1139 1290 1184 1347 ita
1206 1292 1282 1349 etiam
1308 1292 1358 1351 tuae
1381 1294 1463 1351 animi
1486 1296 1526 1351 sui
1550 1294 1738 1369 sipnipcutione
1757 1296 1824 1367 apud
1841 1279 1902 1355 ιῖιιιιι

286 1409 448 1465 cessaretur,
482 1394 596 1453 tiieiturn
629 1391 779 1449 Constantia
804 1391 858 1463 ipsc
883 1387 1000 1443 tradidit.
1027 1384 1089 1441 Huc
1140 1386 1240 1460 parauit
1262 1382 1311 1441 aiii
1335 1384 1426 1457 pidem,
1451 1396 1479 1442 ut
1501 1402 1561 1444 eum
1584 1386 1741 1461 paulopost
1765 1390 1902 1461 asperiaroir

294 1490 362 1547 euim
379 1486 499 1545 Seleucia
511 1484 603 1561 synodi
619 1485 716 1559 icpatos
728 1487 841 1549 secutus,
856 1490 884 1535 ut
898 1497 956 1535 cum
972 1478 1093 1550 Sutpicio
1140 1474 1322 1536 Constantium
1344 1481 1497 1551 scripturus,
1522 1480 1596 1539 reuiia
1618 1497 1645 1537 se
1667 1482 1834 1551 impatientia,
1851 1485 1905 1537 ruitis

287 1584 384 1642 Seuero
400 1582 545 1655 loquamur,
561 1580 605 1634 ubi
615 1588 756 1634 mtrernum
771 1573 833 1647 fidei
848 1572 991 1646 pericutum
1007 1571 1089 1626 onim·
1140 1572 1261 1630 nunonis
1282 1571 1419 1639 affectibus
1441 1573 1476 1629 ad
1499 1575 1527 1629 ist
1541 1574 1639 1646 r'urpetti
1653 1575 1760 1653 diceret,
1784 1578 1903 1631 neonem.

286 1676 406 1743 aduertit,
429 1673 587 1729 audientiam
606 1672 674 1745 repis
689 1670 814 1743 poposcit,
838 1676 866 1721 ut
882 1664 914 1719 de
936 1663 988 1735 pide
1001 1677 1090 1718 coram
1143 1662 1253 1720 Erasmo
1268 1666 1316 1721 etri
1331 1667 1443 1721 ntinutus
1462 1668 1532 1721 uisus
1552 1677 1589 1723 est
1603 1668 1645 1722 iric
1664 1668 1727 1725 tiier
1748 1685 1759 1723 .·
1782 1669 1839 1723 sitit
1855 1670 1875 1721 ir
1887 1687 1906 1723 es

288 1768 442 1843 disputaret.
458 1766 532 1840 Quod
554 1766 580 1820 in
605 1766 674 1819 nuuc
687 1760 802 1818 titatium
816 1758 929 1815 manime
942 1756 1088 1825 conuenire,
1143 1769 1228 1814 tunten
1242 1774 1349 1831 prorum
1363 1758 1564 1815 desiderandum
1576 1769 1623 1815 est.
1639 1759 1709 1815 Nam
1721 1777 1848 1832 operosum
1863 1762 1907 1815 ntut

289 1864 330 1921 oet
351 1881 383 1920 cu
405 1862 480 1919 tituto
500 1864 527 1916 in
548 1859 666 1915 omuibus
686 1872 748 1911 mss.
770 1863 911 1927 pronotato
928 1852 1092 1923 perspicuum
1143 1862 1169 1907 et
1190 1862 1320 1921 exactum,
1346 1853 1416 1923 quari
1443 1869 1500 1909 ectus
1521 1854 1638 1927 potiiceri
1659 1870 1705 1908 nec
1722 1866 1907 1925 proponunto,

288 1968 337 2015 est.
365 1949 870 2017 Oitatusestauterusubiituismosu,
887 1944 1009 2001 dumetii
1031 1942 1092 1998 rui·
1144 1959 1197 1999 non
1223 1943 1258 1998 ad
1278 1943 1344 1999 ttunc
1370 1944 1484 2001 tiieitum
1506 1947 1627 2020 pertinet,
1651 1946 1695 2002 sed
1712 1948 1747 2001 ud
1762 1946 1909 2019 ponticano

288 2053 391 2107 stantia
414 2063 506 2103 nmneu
518 2042 691 2111 retinendum,
708 2042 754 2097 otii
773 2039 943 2114 rejiciendum
955 2052 1011 2093 esse
1031 2052 1093 2089 con-
1144 2039 1197 2111 pde
1220 2038 1431 2113 disputationem,
1456 2041 1533 2103 euius
1556 2049 1670 2112 potestas
1690 2040 1737 2095 troc
1753 2038 1835 2095 tiietto
1849 2050 1910 2109 pastr-

291 2144 439 2211 tenderent;
450 2140 500 2197 sub
514 2138 618 2213 synodo
633 2134 787 2202 dissidenti,
804 2132 1093 2204 Constantinopotitaua
1145 2130 1225 2188 tatur.
1723 2118 1730 2129 ⁸

289 2236 398 2303 sciticet,
425 2250 482 2307 qun
506 2231 655 2288 conminus
669 2228 731 2300 pide,
755 2242 832 2301 quam
856 2225 963 2296 priuatis
982 2223 1093 2299 impiis,
1180 2226 1321 2299 synopsis.
1334 2224 1415 2282 -iu
1434 2230 1492 2302 ejus
1515 2226 1623 2283 nordio
1643 2223 1764 2281 nunnus
1785 2241 1811 2283 se
1829 2224 1911 2281 ernist

290 2329 375 2384 uarios
397 2328 424 2383 in
448 2335 534 2400 partes
557 2320 745 2379 scindebatur:
765 2318 921 2392 proindeque
943 2332 1012 2371 anno
1041 2312 1095 2372 560
1146 2324 1291 2393 consessus,
1315 2321 1378 2393 petit
1402 2329 1437 2374 ut.
1451 2320 1624 2376 Saturninum
1646 2328 1797 2393 praesentem
1817 2318 1912 2388 ouen

289 2422 405 2490 ineunte,
422 2436 471 2491 peto
484 2420 540 2475 neec
554 2416 669 2491 synodus
689 2414 813 2471 eeietnata
828 2420 874 2471 est.
899 2410 965 2483 Qttoe
986 2426 1045 2467 cttm
1058 2410 1096 2465 itu
1146 2414 1334 2487 confessionem
1348 2412 1476 2486 [uirorum
1487 2428 1543 2485 rpuoe
1557 2414 1584 2469 in
1598 2429 1629 2469 ea
1639 2429 1718 2467 causa
1732 2410 1911 2484 perstructus.

291 2516 354 2583 siut,
374 2518 428 2569 tum
450 2531 466 2567 u
491 2508 627 2569 Ferrando
646 2508 755 2563 diacono
778 2506 851 2579 epist.
873 2504 907 2559 act
921 2502 1057 2575 Petapium
1071 2508 1096 2557 et
1148 2508 1218 2565 Tum
1242 2524 1300 2582 pun
1323 2524 1373 2562 eun
1386 2516 1445 2563 eune
1458 2508 1565 2575 potiens,
1586 2506 1736 2578 imperaturi
1758 2507 1817 2579 putei
1837 2521 1914 2577 eupre-

294 2608 400 2664 Anatot.
425 2620 497 2663 uum.
513 2606 541 2672 i,
558 2615 611 2661 tum
626 2605 653 2659 iu
667 2602 799 2659 ueterrimo
820 2598 940 2655 Bosiir'eae
964 2596 1097 2655 Vaticano
1146 2603 1235 2659 ceudoe
1249 2601 1345 2674 cupido
1359 2602 1475 2673 soponit,
1491 2600 1538 2673 qui
1558 2617 1590 2657 ec
1604 2601 1731 2673 [respuenti
1752 2599 1877 2657 ututuiom
1887 2614 1914 2649 a·

293 2697 438 2771 reemptan
449 2714 500 2753 non
512 2696 570 2753 iuteo
590 2696 739 2753 inscribitur
763 2695 830 2751 iiber
851 2694 884 2749 sd
909 2691 1097 2750 Constantium
1148 2695 1239 2751 ciderit
1254 2692 1408 2764 eoanpeticte
1419 2694 1479 2765 fidei
1495 2696 1627 2764 corruptio
1638 2709 1648 2749 .·
1659 2692 1778 2765 adeoque
1788 2694 1821 2747 ad
1830 2688 1915 2764 topini

294 2792 441 2861 sscttndus,
467 2791 539 2863 quod
563 2807 621 2845 cunt
643 2790 775 2861 superiore
799 2790 938 2857 cottareat,
962 2790 1008 2843 sed
1029 2784 1098 2861 quad
1147 2789 1227 2865 ficiem
1241 2788 1400 2845 redmndum
1414 2786 1515 2844 suadet.
1531 2786 1699 2861 Imperatoris
1723 2780 1816 2840 dnnde
1834 2784 1915 2837 statim

294 2893 408 2958 tempore
423 2884 551 2955 posterior
564 2880 608 2939 sit.
623 2882 688 2940 ntttr
702 2880 744 2937 itio
761 2880 950 2954 suspiciendam
973 2881 1099 2954 rciirupui·
1149 2884 1249 2951 tason,
1270 2884 1349 2957 fideus
1370 2892 1470 2939 tantum
1484 2880 1627 2937 uerutum
1649 2898 1679 2935 ea
1697 2895 1755 2953 epatu
1776 2883 1917 2949 scriptorio

295 2996 353 3033 mus
385 2976 561 3035 intereriiiitem
590 2978 747 3033 sanctissimi
779 2978 898 3051 prnsuiis
926 2975 1097 3050 uipiiantiam,
1150 2979 1333 3035 desiderantis.
1358 2977 1506 3035 Commouet
1527 2987 1623 3043 tamen,
1646 2974 1749 3032 uuiturn
1769 2988 1821 3029 esse
1841 2972 1916 3025 tan·

293 3070 482 3142 fortitudinem,
505 3072 669 3143 prudentiam
683 3088 714 3125 oc
728 3070 816 3143 fidene,
839 3088 891 3143 qua
904 3089 972 3128 renus
985 3072 1137 3160 quamuisc
1153 3091 1222 3141 cunt,
1238 3076 1280 3146 oui
1296 3084 1440 3129 commenta
1462 3089 1508 3127 sua
1530 3086 1562 3127 cs
1576 3066 1720 3141 Scripturis
1742 3083 1794 3122 non
1807 3063 1917 3135 confirmi·
1960 3117 1961 3124 ,

296 3162 381 3229 exsut,
409 3162 536 3219 torenna
546 3164 710 3243 impenutaris
734 3168 856 3235 potestate
870 3166 987 3233 consutis,
1002 3166 1029 3219 in
1043 3164 1100 3235 ipsa
1153 3166 1265 3225 Denturn
1276 3166 1409 3241 patticitus
1421 3165 1486 3220 ninii
1499 3181 1526 3220 se
1539 3180 1590 3219 uon
1603 3177 1634 3217 tn
1648 3160 1803 3231 scripturis,
1824 3157 1878 3210 nituit
1886 3170 1917 3205 nt

294 3256 367 3327 cepio
390 3254 559 3313 civitatense
581 3275 633 3313 uon
649 3258 733 3315 timuit
760 3276 896 3333 opponere,
926 3258 977 3314 imo
994 3258 1036 3313 sui
1050 3268 1101 3313 tcr·
1152 3265 1187 3321 ud
1203 3263 1318 3320 Orientis
1332 3270 1358 3321 et
1374 3260 1630 3331 Ooetoeunrpaeem,
1646 3255 1711 3311 nituit
1726 3252 1919 3307 ttoncumituunt

293 3362 379 3402 rorem
403 3350 516 3405 incinere
539 3350 629 3405 uaiutt.
659 3348 749 3423 nuque
772 3353 838 3407 enim
863 3351 935 3407 inam
958 3360 1053 3405 conatu
1074 3368 1101 3405 se
1152 3358 1224 3435 rcpni
1237 3359 1359 3429 accepite
1368 3358 1430 3429 fidei
1445 3356 1586 3423 dicturum,
1608 3352 1740 3425 madiam
1761 3344 1875 3403 nrtrronie
1892 3348 1919 3413 p-

297 3438 424 3495 itareticis
437 3442 567 3511 opposuit,
588 3442 632 3511 oui
652 3444 709 3499 ticet
730 3460 781 3498 nou
801 3443 939 3499 obtinuerit
960 3444 1029 3516 qrtud
1052 3443 1100 3499 troc
1151 3454 1204 3511 euru·
1220 3454 1312 3527 pipam
1324 3452 1467 3523 precucurrit.

297 3528 385 3585 ttaetto
408 3532 538 3603 poscebat,
564 3550 606 3588 cos
631 3544 698 3589 certe
722 3534 879 3607 infirmitatis
903 3552 957 3591 suot
977 3524 1096 3594 convicit.

297 3662 447 3685 Ν,-
455 3669 539 3683 -—

297 3740 479 3823 w'ffl
603 3942 608 3947 ,
725 3761 1086 3915 SANCTI
1140 3767 1530 3913 HILARtt

516 4028 622 4132 no
685 4022 1242 4133 consumptum
1308 4020 1727 4131 cucusum

941 4204 1064 4287 toccu
1096 4222 1314 4303 satamon

777 4359 849 4414 nutu
864 4360 899 4405 ιιι·
916 4360 1164 4407 aonsssnrtnoeott
1178 4362 1261 4406 stus!
1271 4362 1329 4407 tsss
1341 4362 1478 4407 miton.

989 4461 999 4529 i
1012 4463 1125 4528 Scriptus
1134 4475 1199 4515 sano
1209 4462 1279 4527 560.)

337 4574 364 4631 i.
391 4572 512 4631 nnntm
534 4573 562 4628 r'n
587 4572 654 4645 repis
680 4574 825 4647 perenna.
839 4602 875 4616 -
893 4570 951 4630 Non
977 4588 1037 4631 sum
1060 4572 1297 4647 nunretipioss,
1319 4572 1460 4649 dijudicet.
1484 4573 1519 4631 Et
1542 4574 1713 4646 quismihiu
1733 4574 1790 4633 Deo
1803 4569 1925 4649 praesentit

298 4665 382 4733 scius,
399 4666 519 4737 piissime
533 4665 691 4738 imperator,
704 4681 734 4723 ca
744 4682 804 4737 qun
816 4665 894 4740 (a)de
907 4667 1045 4725 nonnullis
1059 4683 1107 4727 ne-
1159 4674 1212 4723 tuue
1231 4664 1419 4737 opportunitas
1433 4668 1552 4738 pcaestitu
1564 4678 1617 4738 est,
1633 4683 1685 4725 nea
1697 4684 1760 4741 erga
1775 4668 1833 4726 tuuc
1844 4664 1926 4736 quiuis

300 4759 381 4832 postis
392 4760 424 4817 sd
434 4760 609 4819 conscientias
620 4760 734 4831 pubtioae
747 4760 910 4817 audientiam
922 4763 1105 4833 proterantur,
1157 4750 1331 4818 ootiseientiu
1343 4773 1412 4817 mets
1425 4765 1543 4819 cessarit
1555 4761 1696 4820 otttcimn:
1712 4776 1739 4818 ιιι
1750 4764 1777 4819 in
1789 4777 1860 4825 curn,
1870 4772 1926 4827 quen

303 4866 353 4923 pra
367 4852 994 4929 ttgntutueunnnnutetuquuncur‚velguuta
1015 4854 1107 4911 existi·
1158 4854 1229 4925 spuo
1254 4864 1280 4911 te
1300 4852 1389 4911 trabea
1411 4854 1446 4909 de
1469 4855 1601 4927 reiigione
1625 4870 1787 4924 sermonem,
1810 4853 1927 4923 insignus

302 4944 372 4999 mari
396 4945 501 5012 soleto,
526 4945 569 5001 vsi
583 4944 654 5001 levis
669 4964 675 5001 :
693 4944 730 5020 (i)
743 4946 806 5003 dum
822 4944 984 5004 distantibus
998 4946 1107 5017 opinio·
1158 4946 1228 5005 iortc
1241 4946 1330 5018 stupu
1345 4957 1432 5004 tecum
1446 4948 1582 5021 loquentis
1595 4949 1726 5026 odeirdst.

304 5034 397 5104 nibus,
409 5035 563 5108 ambiguam
574 5038 734 5096 sententiam
745 5038 779 5096 td
792 5038 909 5097 studium
922 5038 1106 5109 intelligentis
1192 5039 1220 5097 2.
1246 5038 1341 5097 Gattia
1352 5038 1478 5097 [iactante
1500 5045 1683 5099 communicat.
1707 5042 1818 5100 timum
1830 5040 1927 5114 partun.

299 5142 441 5201 promovet
456 5130 574 5187 hominis
588 5142 770 5205 contemptus,
792 5143 840 5191 sut
856 5135 954 5206 gratis.
969 5134 1023 5191 Sed
1037 5117 1104 5191 ntitti
1156 5125 1198 5187 de
1210 5148 1258 5187 rau
1270 5134 1418 5189 innocentia
1433 5150 1548 5190 securus.
1561 5164 1596 5177 -
1612 5134 1763 5209 Episcopus
1781 5150 1832 5205 ego
1851 5148 1899 5188 sun
1911 5130 1928 5181 io

302 5220 374 5295 apud
399 5230 425 5280 to
447 5222 482 5281 de
506 5222 596 5281 divina
620 5239 656 5282 cc.
676 5225 718 5297 pis
740 5225 859 5294 dicturo,
882 5224 1104 5299 nultusuutgatoe
1156 5225 1327 5300 omniamtc)
1352 5226 1516 5285 Gatticsrmu
1538 5229 1716 5287 ecclesiarum
1742 5241 1819 5303 atoue
1849 5229 1929 5301 episto

302 5318 506 5376 consuetudinis
528 5329 615 5377 metus
637 5330 680 5379 est
704 5338 710 5379 ι
734 5320 807 5393 quis,
833 5334 894 5379 cum
918 5322 956 5379 sis
969 5320 1059 5379 bouus
1073 5336 1105 5379 ac
1159 5332 1260 5390 porum
1269 5320 1472 5387 cummunione,
1499 5322 1563 5379 ticet
1578 5323 1605 5379 in
1620 5325 1730 5393 assitis,
1743 5324 1930 5396 permanenstt

305 5410 463 5482 religiosus,
490 5428 540 5469 neu
564 5412 657 5469 uitium
678 5411 770 5484 iudicii
793 5413 863 5483 spud
876 5412 1026 5486 prudentes
1041 5414 1101 5470 reti·
1156 5410 1287 5468 Euctesise
1297 5412 1386 5468 udtme
1397 5428 1446 5485 per
1466 5416 1640 5490 presbyteros
1650 5434 1727 5475 tneor
1739 5416 1929 5475 commeruimus

306 5506 428 5576 pianum,
441 5506 536 5581 quida
556 5522 610 5581 quo
630 5504 732 5577 sudtst,
747 5506 794 5564 sed
814 5518 847 5565 nn
862 5522 922 5578 qun
937 5504 1029 5563 audiat
1050 5504 1107 5561 sim
1155 5503 1330 5562 distribuens.
1347 5504 1451 5564 susum
1464 5516 1556 5566 sutem
1571 5525 1624 5567 uon
1639 5512 1762 5580 crimine,
1784 5508 1836 5567 sed
1856 5506 1931 5562 tactio

337 5664 377 5740 (a)
390 5665 482 5725 Codex
496 5666 558 5727 Vct.
573 5669 702 5737 busiiicae,
716 5668 748 5725 te
769 5668 897 5741 plerisque
910 5666 942 5725 de
955 5666 1099 5727 uonnuitis.
1152 5678 1294 5739 permanet,
1311 5684 1365 5728 non
1379 5682 1531 5744 promorat:
1543 5689 1576 5733 us
1590 5684 1682 5748 postes
1698 5676 1725 5733 iu
1735 5674 1838 5741 daubus
1854 5669 1929 5747 peti,

306 5734 397 5807 Porto,
410 5756 426 5797 a
438 5738 564 5811 utensque
576 5740 608 5797 de
621 5740 762 5799 uonnuttis.
1151 5760 1201 5816 pro
1214 5744 1308 5819 pratia.

340 5808 377 5887 (ι)
399 5806 430 5871 ln
451 5824 518 5873 ross·
543 5811 605 5879 eun
624 5810 665 5877 its
688 5812 765 5879 tantia
785 5810 1011 5895 optutauiiursct
1032 5828 1097 5885 mot
1183 5817 1221 5901 (ct
1234 5812 1297 5885 usu.
1313 5812 1469 5887 Gaiinsnt
