4017 6317
255 252 308 311 183
863 252 986 312 sunem
1006 252 1133 315 fllblult
1152 256 1307 317 uniscunt
1851 270 1895 328 ttt

252 372 278 427 ci
290 414 297 441 ,
311 380 339 429 ct
349 369 464 439 adesse,
481 376 583 445 tantum
597 383 613 425 a
628 382 657 425 se
671 376 785 441 uterque
808 384 901 427 sermo
918 370 1051 429 discerni·
1065 379 1091 437 Α
1103 373 1152 428 froc
1161 375 1289 431 medinm
1299 377 1389 444 poian
1401 376 1458 435 fleo
1477 378 1553 433 meri
1574 378 1666 452 (loon.
1683 396 1741 451 ιιι,
1755 380 1814 455 29).
1828 381 1893 452 Qua,

253 476 308 521 tur.
322 464 390 521 Cum
402 464 474 543 allud
495 466 530 521 sit
552 464 639 520 abeo
648 466 682 537 ,in
698 463 877 521 substantiam
905 465 1054 523 natiuitatis
1105 483 1182 538 rogo,
1196 467 1255 523 bec
1267 469 1343 527 rcrbi
1359 470 1441 541 buius
1453 471 1597 527 admiratio
1621 484 1675 541 est,
1690 473 1897 544 quodseesitse

254 560 358 627 exisse,
373 558 444 615 aliud
460 570 527 631 esta
542 558 624 633 Patre
639 559 665 615 in
680 558 754 637 hunc
774 561 903 617 mundum
931 561 964 619 ad
986 576 1055 617 oon·
1105 559 1189 615 aueo
1203 559 1342 631 professus
1360 562 1416 617 sit?
1430 563 1516 621 'lanta
1539 573 1635 620 ettam
1656 566 1715 622 lieo
1727 566 1837 637 propria
1847 583 1897 634 ros,

253 652 413 709 summanda
425 652 520 727 solutis
534 663 635 725 nostras
650 666 821 711 sacramenta
832 656 951 713 senisse.
1104 666 1124 707 o
1137 654 1223 710 sancti
1234 662 1262 709 et
1274 653 1345 709 berti
1361 654 1423 722 tiri,
1436 665 1466 727 et
1477 658 1514 713 ob
1528 657 1591 713 idei
1602 665 1699 715 nostre
1711 661 1839 715 meritum
1848 660 1898 715 clt-

291 747 335 805 52.
349 744 466 803 Cfrritttts
480 746 649 821 olopostofis
669 750 742 819 pilius
767 766 799 805 ee
827 760 923 805 notura
949 768 1000 806 non
1024 768 1057 808 en
1107 760 1155 809 tes
1168 745 1208 819 fs)
1224 748 1300 819 regni
1315 748 1447 807 ctnlorunt
1469 753 1570 820 sortiti,
1584 762 1613 809 et
1627 753 1727 824 bpnndi
1740 755 1900 810 resolvendi

254 842 393 911 adoptione
406 832 530 899 creditur.
543 842 625 897 -El
638 843 748 913 quidem
763 844 912 901 secundum
928 846 1055 917 proposi·
1108 840 1251 897 incoeloot
1263 842 1291 897 io
1306 843 1428 915 tensius
1436 843 1538 915 adepti,
1553 856 1699 917 fliium
1712 846 1900 917 Wflffliffflffl

256 946 316 991 tea
338 935 418 992 nobis
446 935 636 1009 responsionis
659 936 782 993 ordinem
808 938 1058 1007 opportunissimus
1109 942 1231 989 nostrum
1243 934 1334 992 lesum
1349 936 1487 994 Christum
1511 938 1559 994 liei
1573 938 1658 997 lib'um
1671 939 1803 996 sideratis
1816 959 1824 994 t
1836 952 1862 996 et
1873 942 1901 996 ad

257 1030 299 1084 bic
315 1029 395 1107 nobis
409 1028 560 1105 locosest,
577 1038 606 1085 ut
621 1030 702 1085 tertio
718 1045 789 1086 nunc
801 1028 948 1087 doceamus
971 1028 1056 1085 ilium
1109 1026 1148 1095 id,
1163 1027 1261 1102 quoda
1274 1030 1329 1086 lico
1340 1029 1432 1087 exisse
1442 1044 1473 1085 se
1484 1029 1564 1098 dixit,
1579 1047 1651 1089 stunc
1664 1033 1783 1102 prinutrn
1799 1031 1901 1089 rost'cri

256 1123 303 1178 uei
329 1121 473 1201 Dominum
489 1129 610 1196 nostrum
622 1122 715 1194 iesum
731 1122 868 1179 Cltristum
880 1124 915 1179 ab
927 1124 1059 1194 apostolis
1110 1118 1317 1191 intelligentiam
1330 1121 1440 1192 assequi
1454 1122 1655 1191 protestamini?
1664 1122 1806 1181 videratis
1820 1125 1901 1195 utique

255 1217 389 1295 creditum
407 1214 445 1295 lo)
459 1231 513 1273 non
529 1233 562 1275 ex
573 1218 791 1293 ttnncupatione,
808 1218 870 1283 scd¹
884 1233 916 1273 ex
942 1226 1057 1285 noturn;
1111 1214 1246 1285 nuptiales
1268 1229 1366 1286 aquas,
1390 1215 1429 1289 (q)
1450 1213 1478 1271 ef
1491 1216 1601 1274 easdem
1616 1218 1737 1289 nuptiale
1758 1218 1862 1285 sinum,
1882 1228 1904 1275 et

258 1326 347 1383 neque
358 1326 392 1367 ert
403 1310 571 1387 adoptione,
589 1311 637 1369 sed
652 1327 685 1369 ex
707 1312 859 1381 nntipitotc.
889 1311 1060 1380 Quamquam
1112 1319 1214 1362 notura
1227 1306 1254 1363 fn
1266 1319 1390 1364 torturam
1401 1308 1442 1366 rel
1454 1308 1679 1375 demutationem,
1693 1311 1735 1367 trel
1750 1311 1903 1381 profectum,

260 1404 333 1461 enim
346 1404 436 1475 plures
449 1414 477 1460 ct
489 1392 527 1480 ’(ι)
541 1405 664 1461 maximus
678 1403 767 1477 adhuc
779 1402 912 1477 unigeniti
924 1403 958 1459 de
970 1418 1001 1459 se
1011 1402 1060 1457 liei
1112 1400 1156 1455 uel
1168 1400 1334 1460 creationem
1355 1400 1446 1473 (loon.
1462 1402 1504 1478 ιι).
1525 1403 1653 1473 Quinque
1666 1403 1750 1467 etiem
1774 1418 1858 1473 partes
1877 1404 1904 1458 ad

258 1506 367 1554 exstent
383 1496 586 1575 professiones,
600 1497 697 1573 quibus
710 1496 893 1569 generationis
906 1511 963 1552 sure
992 1496 1062 1552 veri·
1112 1493 1204 1549 cibum
1218 1500 1301 1549 tantte
1314 1492 1497 1552 multitudinis
1519 1492 1672 1567 fregeratis,
1696 1494 1845 1567 etsatittis
1856 1510 1904 1549 orn·

258 1598 342 1646 tntem
357 1591 415 1669 sine
430 1590 594 1667 levisaltcm
622 1590 804 1647 ementiendo.
826 1590 891 1646 licet
919 1589 1062 1645 calumniae
1115 1588 1196 1643 nibus
1217 1587 1245 1642 in
1270 1587 1468 1658 plenitudinem
1493 1587 1638 1645 duodecim
1653 1586 1835 1658 cophinorum
1849 1588 1907 1658 frag·

257 1672 823 1763 occasionetesteturrtnrnen157quia
851 1697 939 1755 nequo
969 1682 1062 1753 legen·
1116 1692 1208 1737 menta
1223 1679 1264 1755 (lq
1279 1680 1319 1752 (ι)
1342 1696 1440 1753 penum
1454 1688 1607 1749 creverant,
1623 1689 1652 1738 et
1673 1688 1781 1737 nattum
1804 1681 1907 1751 partito

260 1776 327 1832 tium
342 1776 498 1857 onerandus
524 1783 568 1833 est
589 1790 688 1833 sensus
702 1775 872 1849 coacervatis
895 1774 930 1831 ad
955 1775 1063 1845 copiam
1077 1792 1103 1853 B
1116 1774 1214 1829 fantem
1235 1774 1341 1844 pellens
1360 1773 1511 1843 profecerat
1530 1770 1558 1827 in
1582 1774 1664 1846 158
1676 1770 1906 1843 ejusdemcopitn

259 1869 358 1949 dictis,
367 1876 465 1924 etcum
476 1852 535 1939 'joni
552 1857 688 1943 no'nnulla¹
706 1868 740 1925 de
755 1868 922 1940 proprietate
937 1867 1065 1923 stativitn-
1114 1876 1219 1921 naturae
1233 1863 1341 1937 (flottlr.
1357 1853 1428 1939 ιιι).
1450 1863 1610 1937 llorirulsse
1628 1879 1728 1919 titanus
1750 1864 1843 1919 aridas
1854 1879 1907 1919 con

260 1961 294 2017 tis
309 1944 418 2017 ostensa
432 1960 488 2017 sint
497 2003 504 2027 ‚
513 1972 615 2037 caetera
626 1962 716 2039 omnia
732 1961 886 2037 alliserunt
901 1960 1062 2033 quaestioni·
1115 1959 1285 2032 spereratis,
1301 1968 1330 2014 et
1344 1959 1373 2015 in
1384 1975 1478 2013 uticem
1493 1966 1630 2031 mutorum
1644 1957 1752 2031 linguas
1765 1957 1876 2023 solutas,
1887 1966 1909 2011 ct

259 2040 310 2110 bus
322 2036 497 2135 reservanda
514 2052 592 2111 Nunc
607 2068 672 2109 vero
684 2053 746 2127 quia
761 2052 805 2109 lric
820 2054 957 2109 sermonis
972 2052 1060 2108 nostri
1115 2052 1144 2109 in
1165 2067 1276 2109 cursum
1298 2051 1457 2109 claudorum
1481 2050 1565 2123 pedes
1590 2051 1712 2119 alacres,
1737 2060 1767 2108 et
1789 2065 1907 2108 meorum

260 2145 332 2225 ordo
345 2146 484 2205 institutus
498 2157 558 2225 est,
582 2156 614 2203 ut
627 2154 690 2220 post
713 2145 803 2203 Patris
817 2146 1064 2212 contestationem,
1116 2145 1211 2202 oculos
1233 2156 1390 2216 cernentes,
1407 2153 1434 2201 ct
1449 2155 1620 2202 mortuorum
1644 2146 1713 2201 titas
1734 2155 1906 2203 revertentes.

260 2253 323 2313 post
334 2232 394 2298 Filii
407 2240 622 2323 professionem,
652 2238 688 2315 (c)
713 2240 767 2319 fide
794 2256 902 2315 quoquc
919 2240 1066 2312 Apostolo·
1117 2240 1228 2299 Foetens
1240 2240 1358 2298 Lazarus
1372 2240 1533 2298 constiterat
1546 2241 1580 2297 ad
1596 2256 1703 2308 rocem,
1723 2250 1752 2299 et
1769 2242 1907 2312 esepulcro

262 2318 324 2395 rum
348 2335 383 2393 de
402 2350 473 2393 tero·
491 2344 519 2393 et
545 2334 694 2393 secundum
719 2334 886 2415 rusticitatem
913 2332 1067 2390 confitendo
1117 2342 1242 2401 vocatus,
1254 2334 1329 2391 nullo
1345 2332 1486 2390 intervallo
1497 2334 1610 2391 tociset
1623 2334 1696 2403 rite,
1709 2334 1743 2405 (il
1755 2334 1908 2392 citnsfucrrt

265 2428 314 2489 Dei
335 2428 391 2485 ftlio
404 2429 583 2495 doceremur;
599 2428 820 2495 videndumst,
836 2442 870 2482 an
885 2427 912 2481 in
941 2441 975 2483 eo
995 2425 1068 2497 quod
1118 2440 1255 2499 egressus,
1271 2426 1397 2483 etadbuo
1408 2428 1521 2484 odorem
1536 2428 1633 2484 mortis
1647 2428 1675 2485 in
1688 2442 1803 2485 sensum
1818 2429 1907 2483 nuriun

265 2520 304 2577 ait
317 2508 467 2589 Dominus,
480 2508 523 2577 Ea
537 2518 593 2603 fleo
607 2518 694 2587 enini,
709 2517 783 2575 aliud
796 2519 822 2575 in
839 2534 872 2576 co
890 2518 993 2594 aliquid
1017 2533 1068 2590 po-
1121 2521 1219 2592 spfritu
1234 2532 1343 2593 agente,
1369 2522 1430 2592 ipse
1447 2521 1502 2592 jnnt
1516 2520 1595 2578 tirus
1608 2521 1751 2580 adstiterat
1771 2520 1860 2597 (loon.
1880 2536 1910 2586 ιι,

265 2617 319 2671 tius
331 2602 412 2687 quam
427 2624 552 2676 naturam
567 2614 751 2697 intellexerint
762 2614 923 2671 natiuitatis.
1118 2610 1179 2683 tl).
1195 2612 1285 2669 'faceo
1299 2613 1333 2671 de
1355 2615 1462 2671 ceteris
1476 2628 1633 2685 magnarum
1656 2614 1788 2671 virtutum
1811 2623 1840 2671 ct
1857 2613 1911 2669 diri·

298 2710 344 2765 55.
367 2708 436 2779 Quid
449 2709 483 2763 sit
494 2691 563 2780 quod
574 2710 689 2777 primum
700 2710 805 2765 credunt
816 2725 872 2765 eum
883 2724 898 2764 o
909 2705 965 2765 Dm
975 2709 1069 2767 amors.
1120 2722 1217 2763 narum
1230 2708 1444 2777 operationibus.
1458 2708 1537 2765 Nunc
1558 2723 1624 2779 ergo
1638 2710 1757 2780 primum
1773 2706 1911 2777 intelligitis

263 2789 376 2858 —Post
392 2803 490 2859 multas
514 2784 855 2879 namque'prorcrbiorum
876 2800 1067 2869 obscuritates,
1121 2806 1166 2877 qui
1181 2805 1217 2860 sit
1230 2802 1275 2859 iric
1298 2804 1399 2859 missus
1424 2803 1542 2869 ecoelis,
1566 2811 1709 2875 postquam
1735 2797 1909 2859 audistisrflt

264 2893 362 2965 quibus
383 2894 411 2950 in
424 2894 560 2965 parabolis
574 2894 680 2951 locutus
705 2900 794 2960 esset,
816 2908 898 2967 quem
917 2894 974 2965 jam
990 2902 1070 2949 antea
1122 2897 1203 2953 Patre
1215 2896 1302 2953 enini?
1317 2897 1350 2953 Et
1364 2896 1502 2969 ltoctobis
1516 2896 1631 2967 primum
1640 2896 1697 2967 jam
1708 2895 1771 2951 sine
1781 2893 1910 2965 proverbio

263 2987 402 3045 Christum
415 2988 536 3045 sciebant
546 2988 763 3044 antruntiotumn
777 2987 867 3061 Moyse
880 2996 908 3045 et
920 2988 1069 3059 propinetis,
1121 2992 1287 3061 dictumest,
1299 3000 1327 3046 ct
1342 3006 1390 3061 per
1401 3000 1506 3046 natnror
1520 2990 1648 3046 virtutem
1664 2990 1818 3061 intelligitis
1833 3002 1909 3043 rerum

264 3079 422 3137 corriessnm
436 3072 569 3153 quoquea
584 3080 735 3137 Nntlmnael
748 3090 774 3137 el
785 3080 833 3136 lici
843 3081 928 3137 fllium
941 3091 968 3138 ct
979 3097 1071 3155 regem
1123 3099 1185 3142 esee
1195 3084 1268 3157 qttod
1283 3100 1297 3139 a
1312 3083 1368 3139 Deo
1389 3084 1483 3150 exirit,
1496 3099 1559 3139 cum
1573 3084 1740 3139 voluntatum
1757 3082 1799 3155 (ὅ)
1812 3080 1847 3156 (j)
1862 3096 1909 3135 tes

252 3164 347 3247 ¹lsrael
370 3174 460 3250 (donn.
476 3192 496 3243 t,
512 3176 569 3247 ta),
596 3175 740 3247 objurgato
758 3174 841 3231 etiam
855 3175 991 3248 Pltilippo,
1008 3178 1106 3241 cutnG
1124 3185 1225 3235 irarum
1236 3175 1413 3248 cogitationes
1427 3178 1524 3233 tacitns
1534 3176 1736 3244 itttuetur‚cum
1749 3173 1789 3249 (t)
1803 3173 1911 3231 denolfis

265 3270 300 3326 de
313 3269 393 3357 Patre
406 3258 553 3341 quaereret,
569 3284 618 3323 cur
633 3284 681 3339 per
693 3251 807 3338 operum
819 3268 947 3324 virtutem
961 3267 1071 3323 Patrem
1124 3282 1261 3343 uniquam
1275 3270 1385 3341 ignarus
1399 3269 1559 3341 interrogat,
1579 3282 1640 3324 cunt
1664 3268 1787 3323 omnium
1802 3266 1911 3339 cognitor

262 3358 293 3417 ¹in
308 3375 338 3417 sc
352 3358 393 3435 (i)
409 3360 448 3435 (d)
463 3376 524 3417 esse
536 3370 564 3419 ct
574 3376 603 3417 se
616 3362 642 3417 in
658 3360 738 3417 Patre
751 3360 841 3417 inesse
853 3360 983 3429 nesciret,
995 3376 1072 3417 cum-
1124 3364 1185 3419 esti
1201 3363 1252 3421 Per
1266 3362 1325 3419 hnc
1337 3362 1410 3420 enim
1423 3364 1526 3430 omnin,
1541 3376 1601 3433 qun
1615 3361 1714 3417 uirtute
1724 3375 1757 3415 oo
1768 3370 1863 3416 natura
1876 3354 1912 3412 liti

266 3471 320 3527 que
333 3471 363 3512 sc
379 3455 490 3541 alatro
510 3455 622 3510 missum
645 3453 833 3525 frequentibus
846 3455 926 3512 dictis
941 3464 1003 3511 onte
1023 3454 1073 3512 do·
1123 3456 1190 3527 apii,
1206 3455 1289 3511 alieo
1302 3457 1394 3511 exisse
1407 3454 1560 3511 credendus
1573 3463 1625 3511 est.

255 3539 369 3606 'suisset
383 3549 473 3621 (foco.
497 3565 552 3615 ιιι,
568 3548 675 3621 9-1ιιι
703 3558 792 3605 tomen
817 3564 878 3607 cum
898 3548 1071 3621 profitentem
1159 3548 1699 3619 iil.PriutoooerootnDeotnirtum:sed
1707 3546 1913 3610 natiuitatisrott'o

268 3656 330 3697 eum
344 3630 486 3699 audissent
505 3656 565 3697 sen
582 3640 637 3699 lieo
650 3642 750 3709 exisse,
768 3642 825 3699 lutee
846 3658 941 3698 corum
957 3658 1073 3713 respon·
1126 3654 1412 3717 ntentnonoccopernnt.
1429 3674 1465 3686 -
1479 3645 1536 3700 Non
1548 3644 1594 3701 liic
1615 3646 1702 3702 sancti
1716 3646 1854 3715 apostolia
1867 3643 1911 3697 ilco

267 3734 310 3789 sio
333 3732 382 3789 luit
409 3732 558 3807 (connexus
581 3735 653 3790 enirn
676 3734 722 3789 liic
746 3732 796 3790 sibi
819 3749 909 3791 sermo
923 3734 976 3807 cst)
1000 3752 1006 3791 :
1022 3733 1073 3791 Di·
1126 3740 1226 3813 exisse,
1239 3739 1331 3808 idest,
1347 3740 1430 3798 alico
1443 3740 1556 3797 missum
1570 3755 1632 3797 esse
1644 3739 1850 3806 intellexerunt;
1863 3751 1911 3792 naut

270 3836 330 3883 cunt
342 3826 377 3899 (e)
392 3828 416 3881 ei
429 3827 551 3899 discipuli
565 3832 631 3903 ojus,
648 3826 729 3883 Nunc
740 3829 827 3898 potam
840 3830 960 3903 loqueris,
975 3840 999 3887 et
1012 3849 1074 3903 pro-
1127 3824 1201 3889 om'ni
1212 3832 1353 3903 superiore
1367 3846 1493 3889 sermone
1511 3830 1685 3888 confitentem
1698 3831 1814 3889 missurn
1824 3845 1879 3887 esse
1889 3842 1912 3884 tt
1966 3763 1968 3871 ,

267 3921 382 3977 ueritiam
398 3906 500 3979 nulfum
523 3922 597 3978 dicis.
625 3920 703 3977 Nune
726 3939 786 3997 erpo
809 3924 904 3979 scimus
925 3925 985 3996 quio
1007 3928 1075 3981 nosti
1127 3925 1284 3997 frequenter
1303 3925 1444 3983 audierant
1460 3924 1529 3981 :sed
1551 3925 1724 3981 audientesa
1747 3923 1806 3980 lieo
1829 3924 1911 3982 exisse.
1966 3883 1968 3956 f

268 4010 365 4082 omnio,
380 4024 404 4069 et
416 4004 469 4071 non
481 4014 559 4071 freber
571 4030 672 4071 necesse
681 4023 709 4070 ut
722 4014 816 4089 aliquio
832 4018 1007 4089 teinterropct
1021 4036 1031 4073 .·
1045 4020 1074 4075 in
1128 4029 1254 4077 naturam
1283 4022 1311 4074 ln
1333 4033 1368 4075 eo
1391 4018 1440 4077 liei
1464 4033 1497 4075 er
1519 4018 1646 4089 operibus
1657 4027 1813 4087 cernentes,
1825 4024 1912 4077 notum

1966 4156 1968 4198 t

306 4151 335 4225 (l
368 4154 507 4211 omittitur
519 4170 574 4210 erse
587 4156 613 4209 in
627 4160 724 4211 nostro
737 4166 790 4209 ms.
1163 4157 1204 4232 (ιι)
1225 4156 1391 4213 Nostrorum.

309 4224 337 4299 (ι
370 4223 655 4297 Eropmentnponinm.
734 4290 737 4297 ‚
827 4282 829 4289 ,

309 4363 351 4438 (α)
364 4362 499 4437 Par.post
512 4363 649 4434 lipsium.
674 4364 798 4419 traditum
812 4381 820 4420 t
833 4364 903 4419 male
923 4374 951 4421 ot
973 4373 1073 4435 prater
1129 4366 1199 4420 foret
1221 4364 1293 4436 quod
1314 4362 1350 4419 de
1368 4362 1464 4419 eodem
1488 4358 1588 4416 Christi
1613 4358 1684 4415 facto
1707 4359 1745 4413 ait
1765 4356 1875 4413 llilarius
1892 4353 1911 4405 io
1966 4353 1968 4436 l

274 4439 389 4495 aliorum
404 4437 535 4492 librorum
554 4436 647 4491 fidem.
663 4434 768 4504 Quippe
792 4436 911 4491 nondum
936 4435 1074 4506 apostolo·
1129 4435 1222 4491 llattb.
1234 4451 1260 4490 c.
1277 4450 1330 4498 ιιι,
1348 4449 1378 4489 rt.
1392 4434 1447 4489 li:
1464 4430 1663 4487 Cresdtdeinde
1678 4429 1800 4485 morter
1813 4434 1913 4496 :ettmsl
1966 4477 1968 4505 ὲ

272 4525 332 4567 rum
343 4507 464 4565 doctrina
479 4506 651 4580 expenditur,
667 4505 715 4562 sed
727 4506 803 4561 fides.
1129 4524 1224 4576 pauca,
1235 4505 1453 4563 commonuerim
1463 4507 1540 4576 injur
1551 4503 1724 4561 noimrritorir
1737 4510 1824 4557 tontnr
1834 4510 1913 4571 pnnn
1966 4513 1968 4572 ι

310 4580 348 4654 (l)
374 4578 402 4633 ln
426 4582 501 4651 prius
526 4578 649 4648 vulgatis,
674 4577 803 4641 ttrooirne,
831 4577 999 4635 adver-biom.
1026 4578 1075 4633 llic
1128 4582 1259 4652 profectus
1273 4578 1393 4641 ostendit,
1407 4590 1538 4646 perquem
1550 4575 1913 4640 mtiiocremononoouspo·
1966 4577 1967 4622 ι

276 4658 413 4719 ntoaimoe,
425 4650 451 4707 ld
464 4661 524 4716 est,
546 4648 705 4704 clarissimos.
733 4647 802 4704 'lum
830 4649 857 4704 in
881 4650 1075 4706 uetustissimis
1090 4660 1244 4737 Dtrontnttc
1258 4651 1371 4705 stratorio
1382 4648 1531 4704 adderetur.
1547 4646 1665 4703 Facilius
1681 4650 1771 4717 itaque
1786 4646 1811 4701 ei
1825 4654 1912 4721 atinus·

275 4724 475 4791 exemplaribus
486 4721 603 4778 Colb.et
625 4719 707 4777 Corn.
732 4719 859 4776 scribitur
883 4720 997 4792 oddone,
1022 4738 1075 4777 non
1128 4738 1231 4786 remus,
1246 4723 1297 4776 nisi
1313 4722 1396 4776 verbo
1411 4730 1511 4774 oraturo
1524 4733 1588 4773 mor
1601 4720 1729 4788 repetito,
1745 4718 1770 4771 ei
1785 4721 1914 4785 precnntte

276 4796 435 4851 nliosensu.
478 4796 480 4802 '
1129 4806 1203 4849 retur
1228 4794 1352 4867 ejusdent.
1392 4792 1455 4846 linc
1481 4792 1613 4845 sententia
1637 4806 1651 4843 n
1678 4786 1841 4859 precedenti
1871 4795 1912 4861 nott

322 4867 347 4937 o)
366 4864 403 4921 lta
420 4866 446 4921 ln
460 4878 526 4921 mss.
541 4864 577 4921 tt
589 4864 616 4919 in
627 4866 745 4931 excusis,
760 4864 847 4927 fidem-
1129 4864 1220 4920 differt
1244 4866 1294 4919 nisi
1317 4863 1466 4919 vocabulis.
1483 4861 1586 4917 lieindc
1597 4860 1625 4916 in
1640 4875 1692 4917 ms.
1708 4858 1761 4915 liat
1784 4860 1840 4915 bas.
1861 4868 1913 4909 ren·

325 4938 354 5011 d)
375 4935 446 4993 Editi
471 4936 514 4997 bic
528 4936 630 4991 onrisso
653 4950 717 4999 csse,
740 4934 927 5007 subjiciebant,
954 4947 978 4993 et
1000 4954 1028 4993 se
1050 4938 1078 4992 in
1129 4937 1212 4991 ruisse
1233 4952 1340 4991 monum
1362 4934 1461 4990 oridom
1476 4950 1486 4987 :
1500 4930 1571 5001 qnod
1598 4930 1765 4987 asnbnexis
1787 4930 1911 4986 dissonat,

277 5007 357 5065 Putre
379 5024 433 5065 este
460 5007 578 5074 nestiret,
595 5022 650 5063 tton
675 5006 766 5063 inerte.
790 5006 955 5064 concinnior
969 5020 1010 5065 cst
1024 5010 1077 5065 lec·
1130 5008 1157 5063 in
1169 5008 1265 5078 quibus
1276 5015 1377 5064 caetera
1397 5006 1497 5062 Citristi
1510 5011 1586 5075 qesta
1602 5002 1698 5073 plurali
1718 5018 1830 5059 numero
1843 5012 1912 5057 enut-

275 5084 395 5138 tlomss.
481 5080 484 5087 ’
1123 5078 1242 5134 ἰιιιιιιιι.
1354 5097 1358 5106 ·

313 5152 351 5228 (e)
372 5152 433 5207 Par.
448 5164 509 5207 cum
531 5158 639 5207 vetusto
653 5163 705 5205 ms·
721 5147 812 5218 Gotb,
837 5146 935 5205 Dicunt
948 5167 1009 5223 erpo
1025 5151 1080 5206 dia-
1168 5150 1199 5222 (l)
1220 5149 1264 5205 Sic
1283 5164 1350 5206 mss.
1364 5146 1486 5216 ltedttt,
1503 5148 1562 5202 cito.
1891 5209 1897 5221 ‚

254 5284 258 5291 ,
278 5224 370 5297 cipuli.
1166 5224 1201 5293 (Q
1220 5222 1346 5290 Plerique
1367 5236 1400 5277 ac
1419 5225 1539 5290 potiores
1554 5233 1620 5273 mss.
1648 5225 1803 5273 nonrmnm.
1826 5216 1912 5272 ldoxm

315 5292 349 5368 (Q
369 5293 398 5349 ln
417 5292 614 5363 antiquioribus
626 5306 692 5347 mss.
716 5288 760 5345 bic
779 5292 886 5347 cionem.
910 5292 1026 5349 Inferius
1039 5302 1080 5347 ta-
1129 5294 1255 5349 omnibns
1270 5296 1381 5362 tacitur,·
1395 5292 1438 5349 ulti
1451 5292 1478 5345 in
1493 5289 1600 5345 excusis
1615 5290 1715 5344 tacitos.
1966 5339 1967 5354 2

256 5368 341 5422 ‘men
355 5365 414 5421 hoec
428 5380 477 5420 vor
492 5372 581 5419 exstat
595 5364 621 5419 in
637 5362 732 5433 plurali
746 5378 860 5420 numero
876 5364 1006 5421 librorum
1021 5381 1079 5421 ont·
1169 5364 1207 5439 (l)
1228 5365 1309 5432 Editi,
1325 5369 1357 5421 de
1374 5360 1514 5435 nonnullis.
1535 5361 1645 5416 Rectius
1667 5363 1732 5416 mss.
1757 5361 1878 5431 potiores,
1889 5352 1912 5405 fi
1966 5359 1967 5384 ¹

255 5481 257 5489 .
278 5438 511 5493 niumconsensu.
1132 5436 1382 5505 nullit;resplcitttr
1402 5438 1474 5490 enim
1498 5433 1574 5499 illud,
1601 5429 1663 5486 Non
1685 5431 1762 5488 froben
1783 5443 1876 5486 trecens
1892 5431 1912 5475 n

254 5506 259 5515 ι
316 5506 355 5582 (fi
371 5508 449 5574 Bari,
465 5508 511 5563 Er.
528 5516 555 5561 et
566 5508 730 5564 recetttiores
743 5522 808 5565 mss.
823 5517 847 5563 et
860 5509 887 5577 ιιι
899 5505 1005 5561 eisdem.
1019 5506 1076 5562 lte·
1132 5506 1225 5576 aliquit
1245 5520 1268 5564 to
1278 5511 1427 5579 interroqet.
1444 5506 1539 5560 Pnslcn
1555 5502 1616 5560 Vnt.
1631 5504 1690 5557 bas.
1707 5520 1758 5557 ms.
1774 5518 1782 5556 ι
1798 5502 1858 5558 Cum
1869 5509 1912 5550 otn-

279 5580 333 5635 lius
354 5580 400 5633 alli
425 5580 496 5643 libri,
519 5587 542 5633 et
556 5578 668 5643 eosdem,
693 5581 788 5651 supple
803 5582 907 5652 sociat:
922 5578 973 5632 nisi
997 5577 1076 5635 malis
1131 5579 1200 5633 triam
1215 5579 1371 5634 occultorum
1385 5578 1500 5650 copnt'tor
1512 5586 1565 5643 ett,·
1578 5574 1654 5629 llnrt.
1668 5573 1750 5629 :Cum
1760 5576 1868 5627 ornnitno
1878 5582 1910 5620 ot·

280 5665 340 5706 cum
355 5650 460 5705 linitio.
475 5656 500 5705 ct
513 5650 664 5705 exererent.
1131 5650 1201 5703 culta
1215 5652 1333 5706 conditor
1345 5658 1384 5705 ert
1398 5665 1406 5702 :
1420 5647 1511 5701 ruritius
1521 5651 1642 5713 sincero;
1655 5662 1717 5703 cum
1728 5646 1755 5699 in
1766 5660 1842 5699 sacro
1853 5651 1910 5697 tcrtt

252 5784 259 5795 ὓ
319 5721 359 5797 (ft)
379 5720 549 5793 Antiquiores
572 5736 638 5777 mss.
657 5723 773 5796 ponium.
799 5720 867 5776 Tum
883 5722 1013 5780 Erasmus
1035 5721 1076 5776 lc·
1105 5768 1108 5773 .
1132 5722 1158 5775 in
1174 5739 1253 5788 qttcut
1269 5724 1313 5778 bic
1327 5717 1479 5793 respicitur,
1495 5718 1654 5789 sirttpliciter
1675 5725 1774 5783 exstet,
1789 5716 1849 5789 quio
1859 5720 1910 5766 ιιιιι

281 5794 395 5866 gendum
410 5801 485 5866 putat
496 5802 524 5851 'et
533 5795 647 5851 mocrite
656 5795 779 5866 poroitm,
796 5808 850 5849 uon
864 5800 889 5849 et
903 5794 1013 5849 rroturtc.
1027 5792 1077 5849 Cui
1130 5794 1226 5850 onrrrio.
