4017 6317
72 324 127 385 tls
201 277 207 287 ἱ

598 342 601 353 ’
653 326 789 387 nicotii
819 324 921 385 FABR!
941 326 1134 393 ebronauto.
1674 345 1727 402 ult

72 448 146 503 ἐστὶν
158 448 189 503 οὐ
201 447 274 519 μόνον
288 449 316 505 τὸ
328 448 498 522 aquitanicis,
519 448 581 503 ἀλλὰ
591 450 689 523 aperito
704 448 828 519 μάλιστα,
842 448 872 503 ri
886 446 913 508 Α
925 460 1007 517 cum,
1031 452 1162 525 iuquattt,
1191 472 1279 531 neque
1294 458 1360 517 iliud
1375 460 1505 533 petreius
1517 460 1658 533 exemplar
1679 461 1728 517 ita-

71 536 117 593 διὰ
127 546 211 593 κακῶν
221 545 270 595 τῶν
284 540 461 596 ὲπινοηθὲντων
484 539 548 617 πρὸς
568 548 652 601 τινῶν,
676 538 769 614 ἀγαθόν
788 561 813 595 τι
835 540 877 593 καί
928 537 1001 605 buit,
1025 544 1072 599 sed
1095 553 1198 604 laniunt
1220 550 1534 609 ahhipccppgumappjg
1558 552 1586 609 jn
1614 553 1726 620 pharga,

73 632 196 705 χρηστὸν
205 631 276 694 raiae
286 632 419 689 ἀποτελεῖν
430 635 473 687 καὶ
486 632 616 707 opiltpne
630 640 684 696 τοῖς
698 630 803 689 δοκοῦσι
813 628 878 705 potti-
928 648 1012 689 ltlattu
1024 637 1131 707 gallica,
1145 656 1195 698 rtet
1206 643 1317 701 latinam
1331 645 1450 719 lingnam
1465 646 1532 704 salis
1546 648 1727 720 percipiente,

71 722 127 783 >nir
147 726 274 799 χρῆσθαι.
928 726 1048 783 coninsis
1063 727 1228 790 dictionibus
1245 738 1395 809 scriptam,
1411 740 1483 811 qood
1498 752 1631 810 practerea
1645 742 1727 798 etiam

109 814 157 871 38.
180 815 337 886 Fragmenta
359 818 413 873 lter
437 818 531 873 diuinis
554 820 723 891 providentie
745 832 810 875 nutu
834 818 876 873 iu-
928 818 1058 891 librorum
1074 822 1196 882 cassian
1213 829 1248 885 de
1263 830 1451 889 iucarnatione
1465 832 1566 890 Citristi
1591 836 1727 907 epitomen

71 919 161 963 uetito.
187 908 305 965 Carioni
332 910 392 966 titii
420 912 451 966 de
479 912 673 971 ittcornnrioite.
689 943 725 957 —
750 912 877 981 Eptsdtitu
928 912 1023 970 eadem
1047 932 1129 973 mauu
1156 920 1284 991 scriptam
1310 928 1482 993 contineret,
1507 926 1580 983 illam
1612 928 1729 986 fortasse

71 1002 157 1055 etiuni
172 1000 348 1073 providentia
361 1018 430 1072 nptts
442 1018 503 1062 esse
516 1005 581 1061 mibi
595 1006 762 1078 persuadeo,
778 1014 807 1061 ut
819 1003 878 1059 itanc
929 1023 1010 1077 quam
1032 1008 1194 1068 Eucherium
1220 1014 1428 1084 Lugdunensem
1454 1021 1612 1092 episcopum
1636 1020 1729 1079 conie-

71 1091 240 1164 Fragmenta
256 1096 496 1153 turbulentissimis
507 1098 566 1153 istis
577 1098 744 1168 temporibus
761 1096 878 1155 maxime
928 1098 1000 1156 cisse
1015 1103 1092 1158 testis
1107 1113 1149 1160 est
1159 1104 1327 1163 Gennadius.
1341 1108 1406 1165 inde
1426 1124 1502 1180 sperit
1523 1123 1687 1183 conceperat
1702 1122 1731 1168 et

70 1184 162 1242 lucent
183 1199 361 1259 recuperent,
377 1205 425 1261 per
437 1189 517 1265 747
532 1208 593 1263 qun
615 1192 648 1249 ad
664 1190 797 1263 ejustttudi
812 1206 876 1247 con·
929 1194 1068 1259 antiquum
1084 1198 1242 1268 exemplar,
1265 1201 1338 1257 uude
1352 1216 1447 1258 recens
1470 1203 1536 1259 iliud
1558 1207 1725 1272 exscriptum

71 1280 270 1338 siderationem
289 1282 638 1357 liisloriaeeictutti.spent
653 1296 800 1341 certantes
819 1285 878 1357 ejus
929 1283 1032 1353 luerat,
1058 1288 1168 1346 aliunde
1195 1294 1352 1363 recuperari
1376 1309 1456 1362 posse
1472 1313 1480 1349 a
1496 1313 1556 1363 quai
1578 1312 1660 1354 causa
1681 1298 1731 1354 iuit

68 1377 231 1447 cogiiitiutte
249 1377 455 1449 coticipinittns,
479 1382 721 1454 quotienscumque
743 1382 877 1437 scelerum
928 1392 978 1433 cur
1005 1381 1107 1437 tamdiu
1134 1398 1227 1439 cortint
1258 1385 1407 1442 editionem
1428 1388 1598 1444 sustinuerit.
1621 1390 1650 1446 iti
1674 1408 1729 1461 quo

68 1478 232 1527 nostrornm
247 1484 296 1527 nos
315 1472 386 1528 bene
397 1481 479 1543 antue
492 1488 527 1529 ex
538 1474 629 1529 animo
643 1473 820 1544 poeitltuerit,
835 1472 877 1529 di·
928 1480 1002 1528 certe
1025 1473 1063 1529 illi
1083 1474 1135 1531 boc
1156 1474 1311 1535 felicissime
1323 1478 1451 1551 contigit,
1468 1490 1499 1536 ut
1513 1479 1539 1536 itt
1562 1482 1731 1551 publicandis

69 1562 166 1619 vittam
187 1578 297 1621 manum
311 1579 364 1621 non
387 1566 507 1623 mutilant
524 1582 555 1623 ac
564 1567 730 1623 decurtatam
748 1573 875 1639 expertu-
929 1561 1036 1623 duobus
1060 1565 1121 1625 istis
1145 1568 1257 1625 erinnis
1285 1571 1454 1642 antiquitatis
1478 1576 1662 1631 monumentis
1676 1578 1730 1633 iato

69 1672 140 1725 ros,
156 1657 336 1733 eumdemque
351 1659 494 1717 Domitium
510 1661 671 1732 periclitanti
687 1662 877 1733 Apostolorum
929 1656 1097 1729 ittlerceplus
1113 1662 1244 1731 preclare
1258 1673 1347 1719 artam
1361 1666 1424 1721 vitat
1445 1664 1562 1723 l'aliulam
1583 1668 1732 1726 illustriore

69 1753 209 1809 navicula
231 1754 455 1826 tranquillitatem
479 1754 595 1811 solidam
609 1770 641 1811 ac
661 1754 765 1811 lirmam
787 1752 878 1811 reddi·
928 1746 983 1805 liue
1006 1752 1089 1805 veluti
1115 1752 1226 1825 cygnea
1251 1754 1381 1813 motione
1395 1756 1580 1816 concluderet.
1602 1760 1732 1829 Quamuis

71 1856 177 1902 lurum.
193 1845 368 1919 Longeenint
384 1862 445 1903 inea
458 1848 587 1919 opinione
609 1858 700 1917 errat,
715 1848 736 1903 si
755 1846 878 1920 qnispu-
891 1852 916 1915 Β
930 1856 996 1899 sitne
1022 1843 1210 1901 diliicilliinnm
1236 1844 1318 1904 luerit
1341 1849 1427 1905 virum
1456 1850 1572 1922 ingenii,
1594 1853 1732 1925 animique

71 1952 114 1998 tat
127 1942 296 2010 haeresibus,
317 1958 378 2014 quae
393 1943 515 2013 plurima
529 1952 615 2000 tolum
630 1945 686 2001 lere
699 1942 793 1999 orbem
810 1958 872 2015 per·

68 2048 206 2109 vagantur
223 2048 305 2109 atque
318 2038 501 2107 conturbant,
522 2037 582 2109 plus
594 2038 692 2095 virium
714 2053 746 2095 ac
769 2038 875 2094 roboris

70 2131 100 2187 in
126 2144 237 2187 suorum
264 2130 442 2187 sectariorum
468 2131 547 2187 malis
570 2131 728 2187 animisaot
747 2130 875 2187 versutiis

69 2226 176 2292 inesse,
191 2239 270 2297 quam
282 2224 310 2281 in
322 2225 422 2281 nostris
436 2225 509 2281 tiliis
529 2239 561 2281 ac
576 2222 734 2281 sceleribus.
750 2223 874 2294 Quapro-

70 2328 134 2389 pter
148 2324 179 2373 ut
191 2316 290 2373 diuinae
302 2316 435 2387 ilajestati
452 2330 502 2389 pro
519 2316 569 2373 ltac
583 2316 682 2373 eximia
698 2314 741 2373 sui
755 2316 874 2372 numinis

70 2411 98 2467 itt
122 2426 174 2467 rins
202 2410 368 2483 benignitate
393 2427 540 2481 numquam
571 2427 620 2481 pro
645 2412 749 2467 nteritis
778 2409 875 2482 dignas

69 2518 153 2573 agere
183 2506 283 2575 gratias
307 2503 348 2559 111
369 2504 460 2559 animo
480 2500 624 2575 concipere
647 2516 811 2575 possumus,
838 2502 876 2557 ita

70 2598 156 2655 etiam
171 2596 225 2668 piis
237 2597 332 2668 optimi
344 2596 394 2652 tiri
405 2606 433 2653 et
443 2596 586 2667 degenere
601 2594 720 2651 ltttntatto
736 2594 804 2652 bene
818 2608 874 2650 tue-

69 2692 115 2746 ritl
132 2690 230 2747 Pitltoei
248 2691 333 2746 nostri
349 2690 492 2756 niatiiltus,
516 2689 559 2744 cui
574 2704 624 2744 ntis
639 2688 697 2743 baec
711 2688 872 2758 Fragmenta

70 2787 176 2843 debere
192 2800 296 2841 stimma
312 2786 357 2841 iila
383 2784 510 2855 maiestas
523 2782 624 2851 roiuit,
643 2796 736 2853 parem
759 2782 873 2853 gratiani

68 2880 177 2938 referre
191 2880 235 2936 ria
258 2892 291 2935 ac
311 2858 345 2935 ne
358 2878 401 2935 111
422 2878 531 2949 qiiitlem
547 2876 692 2931 valentinis.
708 2873 776 2930 Cum
802 2873 874 2929 eititn

69 2976 112 3033 sic
126 2974 208 3031 titan
224 2974 283 3046 ipse
299 2972 478 3037 instituisset,
495 2980 524 3026 ul
535 2968 678 3025 commoda
693 2966 799 3038 publica
813 2965 874 3021 tibi-

69 3086 127 3143 quo
143 3069 261 3140 propriis
276 3068 392 3141 negotiis
406 3072 600 3139 praeverteret,
621 3062 804 3133 satienteque
819 3061 874 3115 bu·

70 3164 148 3223 latiae
164 3163 335 3235 pestilentia,
363 3160 585 3233 utiguitobonaiu
609 3156 794 3222 Tricassittm,
814 3172 874 3229 qnae.

928 1934 1008 1991 bonis
1020 1937 1148 1994 omnibns
1160 1940 1364 1997 ornatissimum
1377 1985 1384 2007 ,
1401 1942 1447 2014 qui
1468 1958 1578 2015 semper
1590 1946 1658 2002 iilud
1678 1962 1731 2002 an-

926 2026 994 2097 tiqui
1011 2041 1098 2098 poetic
1112 2018 1162 2087 sibi
1177 2030 1260 2105 m
1272 2033 1412 2102 occinent,
1427 2041 1474 2092 ital
1486 2041 1550 2109 μήτι
1565 2042 1732 2113 παυσαίμεθα

929 2120 1065 2199 clipeare
1077 2124 1196 2203 epactis,
1210 2139 1291 2184 onice
1301 2127 1387 2196 dium,
1400 2128 1539 2198 laborem,
1554 2130 1730 2201 industriam,

927 2229 1077 2287 omnesque
1093 2218 1272 2288 cogitationes
1291 2234 1355 2277 snas
1375 2220 1490 2293 publicis
1505 2220 1666 2280 utilitatibus
1683 2224 1730 2281 dc·

927 2322 1053 2376 roserat,
1070 2321 1152 2384 atque
1169 2313 1362 2385 impendebat,
1377 2328 1432 2371 nou
1451 2314 1573 2389 inopere
1593 2317 1726 2389 preclaro

927 2412 1016 2460 morte
1029 2404 1209 2476 deprehendi.

962 2508 1009 2567 39.
1030 2508 1127 2567 eruat
1140 2512 1267 2585 elogium.
1282 2544 1318 2556 -
1332 2514 1372 2573 [ie
1385 2515 1537 2572 litterarum
1553 2516 1653 2574 studiis
1670 2526 1731 2575 lau-

928 2612 984 2661 lurn
998 2621 1054 2662 uon
1069 2609 1181 2679 loquor,
1199 2608 1227 2665 iit
1241 2610 1339 2681 quibus
1353 2611 1462 2669 assidue
1475 2614 1653 2683 exquirendo,
1669 2631 1732 2687 per-

928 2700 1075 2757 scrutando
1090 2701 1282 2767 bibliothecas.
1294 2706 1467 2775 antiquorum
1479 2718 1619 2763 auctorum
1630 2709 1730 2780 scripta

928 2797 968 2851 rel
984 2812 1001 2853 a
1015 2798 1137 2865 mendis,
1152 2798 1195 2855 rel
1210 2798 1245 2855 ab
1255 2800 1367 2856 interitu
1381 2800 1515 2857 uindicata
1530 2801 1730 2873 provulgando,

928 2887 970 2942 rei
983 2887 1052 2943 alius
1067 2903 1135 2959 quos
1150 2889 1175 2943 itt
1191 2904 1223 2947 ea
1245 2907 1275 2946 re
1302 2890 1404 2962 aliquid
1420 2908 1501 2964 posse
1522 2894 1661 2965 judicabat
1683 2910 1732 2951 ex·

928 2976 1079 3045 hortando,
1100 2979 1286 3050 impellendo,
1308 2991 1390 3051 atque
1402 2985 1484 3040 eliani
1497 2983 1633 3055 juvando,
1656 2984 1732 3039 nullo

929 3080 1052 3141 tempore
1074 3087 1128 3159 nqn
1148 3073 1249 3145 aliquid
1273 3076 1356 3130 mouit
1377 3090 1409 3131 ac
1432 3076 1577 3148 piomoiit.
1602 3077 1732 3147 Quamuis

929 3166 1001 3224 enim
1025 3168 1070 3224 iila
1091 3168 1179 3225 studia
1195 3170 1222 3225 itt
1236 3177 1330 3226 nostro
1344 3169 1452 3227 Pitbteo
1476 3186 1580 3227 somma
1604 3173 1729 3239 luerunt,

70 3258 142 3312 111111Ι
171 3256 249 3313 nubis
269 3254 344 3312 Sidus
368 3253 509 3321 (ididem,
537 3253 712 3313 becessliisseii
742 3256 836 3306 ttaclus
858 3226 911 3304 ac
927 3261 1115 3331 doctrinaeque
1138 3260 1219 3320 laude
1244 3262 1382 3333 ppaegipug
1414 3263 1529 3318 innotuit
1542 3306 1551 3333 9
1572 3271 1602 3319 qi
1626 3263 1673 3336 qui
1696 3279 1731 3320 01

70 3350 224 3408 Francisco
239 3348 336 3419 iratae,
349 3350 409 3405 viro
425 3350 533 3419 propria
550 3347 630 3405 laude
645 3346 753 3404 virtutis
771 3354 800 3402 el
811 3344 876 3401 doc·
929 3355 1035 3425 primo,
1057 3371 1139 3425 quem
1153 3356 1261 3426 iuvenis
1285 3356 1377 3425 dedit,
1402 3356 1547 3429 pubiieatia
1568 3356 1731 3430 quibusdam

72 3446 157 3500 llillffl
169 3443 334 3508 clarissimo,
350 3452 377 3497 et
392 3443 473 3514 piane
492 3450 565 3499 11111111
578 3441 653 3498 illiti
665 3455 813 3513 germano,
829 3452 876 3494 le·
927 3448 1013 3505 diuini
1026 3448 1068 3504 sui
1079 3450 1178 3521 ingenii
1192 3450 1386 3523 experimentis
1397 3492 1405 3518 ,
1418 3448 1581 3506 eruditionis
1597 3450 1731 3506 abstrusae

72 3550 118 3597 nis
149 3539 289 3611 exentplar
315 3534 466 3593 tabularum
491 3534 663 3607 AEsnpiarttm
690 3534 821 3605 itnprobi,
848 3538 879 3587 111
927 3541 1167 3611 atquerecouditao
1189 3542 1357 3615 gustuiuter
1376 3541 1557 3598 litteratorum
1574 3542 1729 3612 principes,

71 3649 138 3687 1111111
155 3640 235 3687 lucil
260 3629 410 3697 1111111Ιί11
436 3629 554 3693 Phaedli·
575 3628 875 3701 111101111111111111111111
928 3634 969 3689 111
985 3634 1149 3707 stiliragantc
1166 3634 1279 3702 inuidia,
1292 3634 1326 3691 ab
1341 3635 1375 3691 iis
1388 3634 1432 3703 qui
1445 3641 1501 3691 tttm
1519 3635 1548 3690 lii
1568 3634 1665 3691 littoris
1685 3649 1730 3690 re-

71 3724 179 3783 'iilierli
203 3728 334 3783 saeculum
357 3726 425 3782 nitiii
438 3727 578 3783 venustius
603 3725 787 3797 elegantiusve
813 3739 878 3795 pro·
927 3728 1049 3801 girabant
1071 3730 1224 3785 recensitus
1244 3728 1442 3801 itteritaqoam
1456 3728 1492 3785 de
1514 3742 1544 3784 se
1572 3736 1731 3798 concepem

74 3822 156 3889 tulit,
175 3821 218 3876 rei
235 3822 315 3893 liujus
336 3824 378 3877 sni
392 3836 517 3880 secessus
541 3823 674 3877 rationem
692 3822 877 3893 publicecon·
927 3822 1083 3893 opinionem
1109 3823 1142 3879 ad
1162 3825 1287 3879 ultimum
1309 3838 1396 3897 usque
1417 3823 1481 3880 rite
1504 3822 1577 3879 diem
1599 3821 1729 3887 adauxit,

73 3926 151 3971 staire
172 3914 267 3969 voluit.
297 3914 390 3987 itaque
418 3916 569 3987 procuratis
588 3914 792 3971 characteribus
828 3928 877 3986 pro
927 3914 1270 3986 sustiiiebitquequaindin
1297 3914 1395 3971 litterae
1421 3913 1568 3969 durabunt.
1592 3913 1729 3983 Quantula

73 4019 158 4077 raptu
174 4007 248 4063 urbis
259 4008 368 4079 qttident
384 4022 488 4079 magne
507 4017 535 4063 et
547 4006 714 4077 frequentis,
736 4006 784 4062 sed
806 4022 877 4062 intr·
928 4017 1021 4065 tamen
1042 4008 1101 4063 itaec
1115 4007 1203 4064 landis
1216 4019 1241 4063 ct
1256 3986 1350 4079 glorie
1365 4007 1430 4062 tanti
1442 4007 1493 4063 riri
1508 4014 1549 4062 est
1560 4005 1668 4074 portiol
1681 4004 1730 4061 Li·

72 4113 179 4159 catttrn
201 4116 233 4157 au
257 4102 421 4157 cotumercin
445 4102 551 4171 penitus
565 4100 680 4156 addictae
695 4108 775 4169 ntique
795 4114 876 4155 occu·
927 4111 972 4158 cet
994 4104 1068 4157 euim
1090 4115 1170 4157 nemo
1197 4101 1294 4158 melius
1309 4116 1394 4157 unuin
1418 4100 1571 4170 quentpiam
1590 4109 1730 4155 auctorem

72 4206 164 4271 pate,
181 4196 306 4251 alitteris
333 4211 398 4255 ueto
422 4197 527 4265 pertitus
552 4196 665 4261 alienae,
688 4193 875 4263 elegantibus,
928 4193 1051 4261 nouerit,
1068 4207 1149 4265 quam
1161 4192 1218 4264 ipse
1229 4207 1326 4249 omnes
1340 4192 1467 4263 nittiqnos
1479 4192 1620 4263 utriusque
1630 4191 1730 4264 lingue

73 4290 273 4360 cotidianisque
289 4291 395 4361 operis,
412 4288 474 4345 illas
490 4288 595 4343 iuliuias
610 4300 660 4341 suo
671 4294 780 4357 suttiptu
796 4293 877 4355 atque
928 4287 1087 4358 scriptores,
1107 4300 1176 4351 quos
1198 4284 1233 4343 ad
1259 4300 1342 4342 unum
1357 4287 1474 4355 legerat,
1498 4284 1533 4341 ad
1554 4291 1728 4340 1111111111-

75 4382 311 4452 111111111111111111
325 4384 395 4456 typis
410 4391 519 4453 uulgare
533 4380 682 4436 constituit.
699 4380 727 4435 ln
738 4396 788 4449 qua
804 4378 878 4451 cogi·
929 4377 1030 4434 tulerat
1051 4377 1237 4448 exemplaria,
1253 4386 1279 4434 et
1302 4386 1468 4434 concoxeritt
1484 4394 1490 4431 :
1505 4376 1568 4432 iicet
1582 4390 1663 4433 nemo
1676 4375 1732 4447 pri-

76 4477 181 4533 tatiuue
201 4477 334 4531 absolutis
349 4476 466 4543 l'ubulis,
482 4475 577 4545 liisque
591 4472 762 4545 Fragmentis
775 4482 877 4529 tantum
928 4480 988 4526 rata
1010 4478 1037 4526 et
1056 4469 1205 4527 domestica
1229 4470 1335 4541 negotia
1360 4468 1482 4525 exactius
1503 4468 1622 4525 tenuerit
1647 4482 1729 4541 quam

76 4587 133 4624 tnui
150 4568 182 4623 ad
199 4568 357 4623 otitliiliieum
373 4568 521 4639 perductis,
539 4568 580 4621 111
593 4566 799 4623 immortalitate
817 4565 877 4637 tlig-
930 4563 988 4634 ipse
1000 4563 1129 4621 Gallicam
1145 4576 1342 4635 exterttamque
1363 4561 1526 4630 historiam,
1542 4562 1661 4634 origines
1683 4577 1733 4635 po-

890 4615 918 4679 D

75 4666 208 4723 nissiiniis
224 4664 256 4719 ad
270 4665 409 4721 ineliiiretn
432 4664 514 4719 vitam
541 4671 697 4733 assumptus
721 4673 772 4719 est.
789 4661 878 4717 tidda-
931 4660 1058 4732 polorum
1070 4702 1078 4721 .
1090 4660 1289 4729 descriptiones
1300 4668 1471 4730 tentpornm,
1489 4657 1677 4714 successiones
1691 4654 1732 4711 11-

77 4771 138 4813 rcut
157 4756 206 4811 ltot·
222 4756 282 4811 loeo
298 4756 368 4811 unde
392 4755 450 4811 iirec
473 4755 554 4811 eliam
577 4752 738 4825 Fragmenta
762 4738 877 4819 eruerit,

78 4852 131 4907 nisi
147 4851 224 4905 biiuis
240 4851 305 4906 uiris
318 4849 450 4919 ejtisuindi
477 4865 568 4906 rerum
590 4850 772 4920 cognitionem
798 4846 879 4919 proli-

77 4944 201 5000 tentibus
224 4944 352 5000 riiborem
375 4944 530 5001 sullundcre
545 4958 672 5009 uererer,
698 4942 744 5014 qni
768 4942 880 4998 delites·

75 5038 169 5095 centis
184 5040 264 5109 bajus
280 5038 306 5095 itt
323 5038 493 5096 bibliothecis
504 5040 560 5094 iuis
575 5039 694 5095 lltesauri
705 5038 779 5094 velut
792 5038 879 5109 gallus

77 5135 128 5188 illu
151 5132 281 5201 AEnpius
305 5132 414 5188 unionis
438 5132 595 5201 dignitatem
620 5144 674 5187 nun
690 5140 878 5201 agnoverunt,

76 5226 123 5279 tol
140 5226 258 5296 agnitam
273 5240 327 5281 tion
341 5227 400 5280 sinti
421 5224 528 5295 publica
546 5222 651 5294 jactura
665 5232 720 5278 mm
735 5222 780 5278 diu
793 5220 880 5277 conti-

77 5332 209 5376 tittcrttnt.
228 5320 319 5376 iliram
342 5328 459 5385 tantum,
474 5316 546 5389 quod
570 5314 740 5390 praetermitti
761 5330 814 5371 iiott
830 5330 880 5387 po·

72 5422 155 5475 test,
183 5412 278 5470 itoruitt
294 5412 518 5481 Fragtnetitorum
545 5410 652 5467 unicum
680 5409 822 5483 eaetttplat
835 5407 881 5464 Pi·

77 5506 186 5561 titoeum
208 5504 320 5561 Lutetiae
343 5519 414 5562 ainio
437 5502 533 5559 salutis
552 5518 655 5559 ctorasc
679 5511 816 5571 repertum
833 5502 882 5559 ita·

75 5598 187 5655 lauisse.
203 5596 261 5653 Non
278 5598 362 5669 magis
376 5596 448 5651 onitu
462 5606 555 5652 noster
569 5597 613 5653 iiie
628 5595 746 5651 sederint
760 5596 881 5667 tyrannis

75 5703 214 5758 oppressa
228 5692 304 5758 urbe,
319 5706 399 5761 quatu
415 5688 541 5746 Socrates
563 5689 669 5759 triginta
682 5701 748 5743 suas
763 5686 883 5748 tltlienas

75 5784 266 5850 vexantibus,
297 5784 464 5853 propositum
489 5784 552 5837 uitat
590 5782 736 5837 decursum
764 5779 884 5852 pbiloso-

54 5874 321 5949 ‚pltandorentque
347 5874 477 5945 publicam
500 5873 620 5944 iurando
642 5872 800 5929 intermisit.
815 5870 881 5929 titii-

931 4753 1078 4827 miliarupt,
1093 4753 1180 4820 bolla,
1195 4752 1317 4817 ledeia,
1334 4753 1529 4809 conventiones
1542 4794 1549 4813 ,
1564 4752 1732 4806 1111111111-

931 4862 991 4903 rnm
1004 4847 1077 4903 inter
1097 4862 1127 4901 se
1141 4845 1183 4901 111
1206 4845 1345 4900 nobiscum
1361 4853 1456 4913 gesta,
1471 4842 1505 4897 ad
1522 4844 1582 4899 baec
1595 4842 1677 4899 etiam
1692 4838 1733 4896 ie-

931 4956 998 5012 ges,
1021 4955 1133 5006 mores,
1154 4936 1365 4994 consuetudines
1383 4936 1585 5008 provinciamm
1611 4933 1732 5003 siugula-

931 5048 1029 5090 rumve
1055 5031 1180 5096 urbiniu,
1201 5043 1315 5103 quarum
1340 5029 1461 5084 omnium
1488 5044 1504 5083 a
1532 5027 1632 5084 teneris
1654 5024 1733 5081 annia

932 5122 1071 5185 liideiesso
1085 5140 1117 5181 ac
1127 5123 1349 5195 planeiierculeo
1360 5122 1454 5179 labore
1468 5120 1519 5178 sibi
1533 5118 1679 5191 perlectam
1687 5130 1734 5170 tio

932 5219 1040 5284 titiain,
1056 5232 1118 5274 curn
1133 5230 1166 5272 ea
1177 5215 1294 5287 vulgatis
1306 5216 1401 5282 libris,
1417 5223 1474 5269 tntu
1486 5211 1570 5268 etiam
1585 5223 1619 5266 er
1636 5206 1733 5264 biblio·

932 5312 1020 5368 tltecis
1031 5309 1159 5381 antiquis,
1171 5306 1291 5365 archivis
1303 5308 1396 5380 regiis,
1412 5312 1533 5370 senatus,
1547 5300 1732 5362 rationalium,

934 5404 1059 5469 urbium,
1075 5402 1357 5472 monasteriorumque
1382 5401 1604 5469 comparateral,
1633 5392 1734 5449 instru-

935 5506 1145 5565 maurorumque
1156 5496 1275 5567 ipsorum
1297 5499 1379 5561 atquc
1400 5501 1521 5547 actorum
1544 5488 1644 5545 bonam
1669 5500 1733 5556 par·

937 5602 991 5649 tem
1016 5603 1063 5645 sua
1079 5602 1160 5645 manu
1183 5586 1364 5657 descripserat
1385 5584 1435 5640 :in
1461 5582 1523 5653 jure
1547 5591 1638 5637 autem
1662 5578 1734 5635 civili

935 5682 1121 5741 Romanorum
1143 5680 1208 5737 licet
1221 5679 1254 5735 ad
1269 5693 1331 5735 etim
1346 5675 1459 5749 gradum
1472 5675 1630 5748 pertigerit,
1650 5680 1681 5728 ut
1700 5671 1737 5726 de

936 5793 986 5844 eo,
1014 5774 1248 5846 celeberrimaque
1268 5773 1327 5845 ejus
1349 5780 1518 5843 preceptore
1532 5770 1658 5842 Ctijacio,
1682 5766 1737 5822 dici

935 5871 998 5943 jure
1012 5870 1096 5943 possit
1109 5910 1117 5937 ,
1131 5867 1203 5940 qnod
1222 5866 1257 5926 de
1272 5866 1377 5939 magnit
1391 5865 1457 5925 olim
1469 5864 1623 5925 oratoribus
1635 5863 1737 5921 dietulu
