4017 6317
211 273 248 333 se
523 224 525 229 ⁵
819 268 1250 329 sinorirtiuiimiaeiscori
1831 272 1870 331 si

213 386 369 453 Quintiliani
388 386 468 444 librat
486 386 554 458 styla
577 386 692 441 imitatas
703 400 758 441 erse
776 394 802 441 et
819 401 936 441 numero.
958 384 1016 441 lix·
1029 388 1057 449 Δ
1068 399 1169 457 posse,
1183 384 1303 457 quodab
1321 384 1424 443 llilario
1437 386 1712 457 miiiimeprastitam
1724 395 1779 443 est.
1803 386 1869 443 Alis

214 491 294 551 cepta
315 478 387 536 enim
408 476 525 550 quadam
549 475 706 534 subtilitatis
733 475 923 545 affectatione,
951 492 1015 548 quae
1067 490 1158 535 sanieii
1168 480 1211 535 ria
1227 480 1499 551 prorisuinestqaod
1512 479 1651 537 nolebant.
1660 479 1768 551 Quippe
1779 480 1868 539 libros

211 570 378 641 Quintiliano
394 570 510 642 quodam
533 569 615 625 modo
630 570 776 641 peculiaris
787 579 849 637 est,
864 566 961 626 borum
978 570 1014 625 li·
1066 571 1093 627 iti
1117 568 1209 641 plures
1224 586 1352 627 numeros
1372 572 1474 641 partiti,
1495 572 1588 643 paneis
1603 571 1710 638 icrbis,
1732 582 1868 642 quautam

216 664 326 723 brorum
341 664 439 735 stylum
455 661 556 719 cruditi
571 661 692 734 judicant
709 650 763 717 nob
784 662 936 719 absimilem
951 676 1014 721 esse
1066 678 1116 736 per
1132 666 1281 736 marginem
1297 664 1392 732 licuit,
1408 664 1498 721 coristi
1519 680 1613 723 sumas
1630 666 1870 737 comprebciidera

216 758 383 828 Quintiliani.
397 757 565 829 Quamquam
582 765 611 812 ιιι
622 756 790 825 Quintiliano
799 754 952 813 affectatam
964 756 1014 812 de·
1065 756 1137 829 quod
1149 757 1176 813 in
1189 756 1223 811 iis
1236 756 1388 815 disseritur.

213 854 355 910 masiliam
369 852 557 919 subtilitatem,
572 849 675 908 Hilario
690 858 778 907 tamen
790 865 825 905 es
840 850 956 906 naturali
971 850 1012 905 iri·
1102 846 1234 907 mill.
1251 853 1291 904 bn
1311 850 1401 905 simile
1414 849 1560 921 quidquam
1579 848 1607 906 iri
1627 847 1718 907 ironic
1732 851 1869 923 caiusque

212 946 427 1019 genuinumne,
440 960 492 1000 nori
505 960 540 1000 ex
554 942 879 1014 dilectationeprolectam
894 942 1011 999 arbitra·
1066 943 1128 1000 libri
1151 956 1383 1014 praeponeremus,
1396 942 1444 999 diu
1459 942 1599 999 baesimus.
1614 942 1682 999 Cum
1699 942 1773 999 citim
1789 944 1867 999 llila·

213 1055 284 1095 mur.
303 1037 397 1110 Neque
412 1036 493 1093 debet
506 1036 606 1093 ollandi
622 1038 777 1108 quisquam,
791 1036 815 1094 si
828 1036 862 1092 de
874 1037 1012 1107 mysteriis
1066 1035 1123 1091 rius
1136 1036 1194 1105 ipse
1208 1036 1236 1089 iii
1257 1033 1345 1105 primo
1364 1034 1435 1091 libro
1452 1037 1535 1090 totius
1552 1036 1645 1107 operis
1665 1036 1707 1091 sui
1721 1035 1864 1109 synopsim

211 1131 311 1186 uostris
335 1130 475 1185 mibiscum
500 1131 630 1196 sentiens,
651 1128 740 1185 serbis
761 1128 833 1196 aliis,
853 1144 932 1201 quam
952 1129 1012 1200 qui·
1064 1125 1317 1196 ediderit,snceps
1338 1136 1399 1183 erat
1412 1126 1555 1183 acdubius
1567 1127 1685 1195 animus,
1700 1127 1781 1184 ande
1799 1142 1866 1184 nos·

211 1220 1009 1294 busmodoutiiiiur.cogitationessuasaliqiiaiidoenuntiet.
1064 1227 1106 1275 tro
1119 1233 1216 1274 noram
1230 1218 1453 1289 aliquamcaiqiie
1465 1217 1675 1289 praeponendam
1687 1218 1864 1287 caderemus,

212 1314 273 1385 lpse
288 1317 361 1371 eiiiiri
377 1316 479 1385 primos
491 1330 507 1371 e
520 1312 624 1371 Latinis
637 1320 731 1369 contra
748 1314 863 1371 brianus
879 1314 1012 1380 scribetis,
1065 1328 1099 1368 aii
1110 1314 1201 1384 potius
1211 1328 1245 1370 ea
1259 1313 1347 1383 primo
1358 1322 1554 1382 repeteremus,
1563 1311 1636 1383 quod
1645 1310 1678 1367 ad
1689 1327 1870 1385 unumquem-

212 1422 294 1464 viiees
318 1407 397 1463 nobis
418 1406 594 1473 prescribere
609 1406 704 1477 potuit,
721 1422 774 1461 rion
793 1407 881 1478 potuit
901 1423 915 1461 a
934 1407 1014 1464 nobis
1065 1422 1117 1478 que
1131 1405 1259 1478 pertinet,
1273 1414 1319 1462 aut
1330 1407 1412 1461 ctiaiii
1424 1421 1459 1461 eo
1470 1407 1642 1463 mitteremus
1653 1406 1795 1471 lectorem.
1812 1422 1869 1479 quo

213 1502 346 1571 recipcre.
370 1498 406 1557 Ut
418 1509 506 1557 tamen
532 1500 559 1556 iri
582 1498 752 1567 assequenda
776 1498 862 1569 ipsius
877 1498 1012 1556 sententia
1065 1501 1221 1555 summatim
1231 1498 1412 1570 conspiceret,
1424 1498 1497 1569 quod
1511 1500 1538 1554 iu
1551 1514 1716 1571 unoquoque
1727 1501 1869 1573 copiosius

211 1592 302 1649 minus
323 1593 528 1662 laboraremus,
553 1592 701 1663 prudentor
719 1592 792 1649 carii
813 1606 847 1647 rie
862 1592 937 1647 illam
960 1607 1014 1647 una
1065 1590 1230 1661 disputatur,
1246 1605 1280 1647 aii
1300 1590 1420 1661 denique
1438 1591 1505 1647 satis
1525 1592 1688 1649 biberemus
1710 1592 1868 1648 describere

211 1687 318 1741 ratione
342 1682 503 1755 explicaret.
528 1682 597 1740 ilinc
621 1698 687 1740 saite
710 1698 764 1741 nou
792 1683 825 1739 ad
841 1699 936 1741 vanam
956 1685 1011 1741 elo·
1025 1706 1052 1766 ῃ
1066 1686 1157 1742 breuia
1176 1686 1301 1759 quedam
1322 1696 1494 1756 arguments,
1517 1702 1580 1758 quie
1604 1687 1639 1743 ad
1659 1686 1771 1744 limbum
1792 1704 1862 1743 mss.

210 1779 328 1849 quentia
343 1778 554 1853 ostentationem
570 1784 631 1833 itala
646 1784 688 1833 est
701 1790 733 1833 ea
746 1792 798 1847 qud
814 1778 898 1833 utitur
913 1777 1011 1834 verbo·
1064 1775 1238 1835 Corbeieiisis
1248 1786 1278 1835 et
1289 1778 1465 1835 Pratellensis
1478 1781 1630 1853 abantiquo
1643 1794 1723 1835 mauu
1736 1781 1763 1836 in
1775 1778 1868 1837 ironte

211 1884 272 1925 sirm
291 1870 390 1941 copia:
406 1868 534 1925 nimirum
547 1883 610 1924 cum
629 1867 664 1924 de
677 1868 733 1923 lieo
747 1867 1014 1940 magnificentissime
1065 1870 1198 1941 citiusque
1208 1870 1271 1926 libri
1284 1870 1420 1941 proposita
1432 1878 1507 1926 suat.
1522 1871 1576 1929 Sed
1591 1870 1650 1927 bec
1663 1871 1788 1929 breuiora
1801 1879 1869 1927 sarit

212 1960 349 2029 sentiret,
375 1960 456 2016 itullis
486 1975 613 2032 uinquam
643 1959 732 2017 tarbis
758 1960 825 2015 satis
845 1960 1015 2030 expressisse
1064 1962 1134 2029 risa,
1157 1977 1240 2033 quam
1270 1970 1299 2017 ut
1321 1960 1504 2019 subicientem
1536 1963 1713 2019 dicendorum
1742 1963 1867 2019 notitiam

214 2054 388 2112 existimabat
398 2053 469 2127 quod
484 2054 608 2111 sentiret.
623 2052 662 2109 lta
674 2062 763 2109 mareri
780 2068 870 2109 sermo
885 2051 959 2108 iustis
972 2060 1015 2109 est
1065 2070 1161 2127 parere
1174 2056 1306 2112 ualerent.
1330 2055 1468 2112 llilarinia
1482 2066 1573 2113 autent
1597 2059 1723 2130 synopsis
1738 2059 1863 2129 plerum-

213 2150 241 2205 in
256 2148 358 2217 verbis,
374 2157 404 2205 ut
417 2148 519 2205 densus
533 2148 569 2204 sit
583 2146 609 2202 in
624 2145 777 2203 sententiis.
796 2143 833 2202 Ut
845 2144 916 2203 enim
933 2152 1013 2199 riuta-
1065 2155 1171 2219 queest
1185 2148 1334 2217 prolixior:
1353 2149 1442 2219 etqui
1454 2149 1527 2205 illias
1545 2150 1671 2221 loquendi
1689 2151 1777 2207 modis
1792 2166 1864 2207 noii-

214 2244 254 2301 vit
277 2243 461 2316 Augustinus,
484 2241 608 2299 brevitati
635 2238 738 2297 studuit
760 2238 840 2313 (dap.
862 2238 907 2294 lib.
926 2252 953 2295 vr
982 2238 1015 2294 de
1066 2240 1131 2297 dum
1155 2240 1222 2297 satis
1239 2240 1383 2297 associasti
1404 2251 1479 2310 suot,
1493 2242 1681 2301 desiderarent
1696 2242 1813 2300 iortasse
1832 2253 1865 2300 ut

213 2334 302 2404 Tria,
316 2351 375 2407 sap.
401 2332 456 2407 tlt).
469 2332 561 2405 Longe
575 2340 667 2389 autem
689 2328 774 2403 magis
795 2330 896 2386 studuit
911 2328 1013 2385 ordini.

212 2427 272 2496 Quo
286 2430 409 2498 inspecto
425 2426 547 2483 rionaolli
560 2424 658 2480 eruditi
668 2423 749 2479 lacile
763 2421 834 2478 laetu
847 2420 1013 2493 judicarunt,

212 2529 244 2578 ut
255 2521 353 2593 singoli
366 2520 427 2576 libri
447 2521 474 2577 iii
489 2519 596 2576 diuersa
611 2518 698 2589 capita
711 2515 957 2583 distribuerentur,
972 2514 1014 2570 id·

211 2628 264 2685 que
278 2610 373 2669 lectori
387 2609 561 2666 commodum
586 2608 663 2677 lore,
683 2608 705 2665 si
728 2606 826 2679 cuique
840 2606 921 2677 capiti
936 2621 1015 2663 sum-

214 2706 308 2763 matim
332 2712 513 2775 prenotatam
537 2702 651 2759 baberet
672 2701 744 2773 quod
766 2701 794 2757 iri
815 2716 848 2757 eo
870 2708 1012 2756 tractatur.

216 2796 290 2855 bibit
314 2794 503 2869 negligendum
519 2793 570 2849 rati
589 2792 663 2850 unde
676 2792 787 2849 lectoris
800 2791 878 2848 labor
890 2790 1017 2847 sableia-

1065 2332 1277 2403 simplicioribus
1299 2331 1482 2391 locutionibus
1499 2336 1622 2406 exposita
1648 2336 1780 2407 cujusque
1803 2336 1868 2392 libri

1065 2440 1170 2483 summa
1184 2428 1217 2483 ad
1230 2426 1360 2499 llilariani
1373 2428 1508 2486 sermonis
1521 2426 1730 2501 intelligentiam
1743 2430 1785 2487 via
1799 2432 1868 2503 ipsis

1065 2528 1245 2577 sterneretur.
1260 2518 1352 2591 Neque
1370 2520 1443 2577 bunc
1453 2522 1481 2576 iii
1495 2521 1574 2579 iiobis
1592 2521 1714 2579 laborem
1728 2524 1870 2595 suscipere

1064 2612 1174 2685 gratati
1191 2626 1295 2669 sumus.
1312 2611 1349 2669 bt
1372 2614 1565 2686 nequidquam
1583 2630 1617 2671 ei
1631 2625 1754 2672 aeterum
1770 2618 1871 2674 stadiis

1067 2717 1170 2778 pereat,
1184 2714 1343 2777 argumenta
1353 2720 1414 2777 quae
1424 2705 1451 2761 in
1463 2720 1529 2763 mss.
1541 2706 1718 2765 Cortieieiisis
1727 2718 1755 2765 et
1763 2707 1871 2766 Praecl-

1067 2798 1153 2857 lciisis
1166 2798 1281 2871 siugulis
1295 2798 1382 2865 libris,
1399 2798 1488 2869 primo
1501 2807 1606 2856 mnium
1617 2810 1743 2874 excepto,
1755 2800 1869 2874 preliis

212 2898 299 2958 retur,
322 2888 375 2945 boo
389 2903 442 2945 noti
463 2886 622 2957 reliquimus
635 2887 795 2942 intematum
811 2901 818 2939 ι
839 2883 887 2941 sed
907 2884 1015 2956 experti
1065 2903 1139 2965 gunt,
1150 2892 1194 2951 bie
1205 2893 1234 2949 in
1246 2907 1330 2951 nuum
1342 2890 1440 2951 collata
1453 2893 1624 2952 exhibemus.

212 2998 307 3043 sumus
321 2998 375 3041 nori
397 2982 457 3040 siue
469 2981 560 3055 abqna
579 2979 741 3038 conluuione
753 2977 876 3052 prestari
898 2993 915 3035 a
936 2948 1051 3037 nobisC

382 3209 577 3286 SUMMA
597 3205 884 3281 [tunoleum
907 3205 1260 3311 SEQUENTIUM
1280 3207 1315 3277 E
1333 3204 1548 3281 DUOBUS
1572 3206 1699 3283 MSS.

249 3454 271 3511 Ι.
284 3452 374 3519 Liber,
384 3450 430 3519 aui
440 3450 519 3506 totius
534 3450 619 3521 aperis
629 3458 666 3505 cst
680 3448 759 3505 aelati
769 3448 921 3522 preamium
943 3447 1015 3505 salai

157 3578 160 3583 ·
215 3549 244 3604 in
255 3546 386 3621 predictis
399 3561 463 3601 mss.
478 3544 591 3615 epitome
601 3553 680 3599 earet.
790 3578 800 3605 .

250 3638 282 3695 ll.
301 3637 384 3693 Omne
408 3644 599 3693 samanrentam
616 3635 710 3694 diuina
723 3636 897 3707 amantionis
917 3636 1015 3704 edocet,

214 3730 404 3787 absolutissime
417 3729 596 3784 demonstrans
608 3736 633 3783 ct
647 3725 781 3784 Trinitatis
794 3737 817 3783 ct
828 3728 961 3785 nominum
973 3746 1015 3784 ne·

213 3823 337 3890 ritatem,·
359 3822 396 3876 ita
419 3828 447 3876 al
467 3836 549 3892 atquc
574 3835 628 3875 nari
647 3821 705 3893 ipsa
722 3820 756 3876 sit
775 3823 867 3876 ueritas
892 3823 1014 3891 nominis,

214 3932 295 3988 neque
305 3931 358 3971 nan
370 3930 462 3971 numeri
476 3914 512 3968 sit
522 3912 647 3967 sementis.

249 4009 293 4066 lli.
316 4007 424 4065 Oninent
444 4007 625 4081 difficultatem
650 4006 725 4073 dieti,
747 4024 797 4080 qao
822 4007 947 4065 bantinus
967 4010 1014 4078 ait,

214 4104 273 4177 llgo
292 4105 318 4160 iii
336 4104 425 4167 Patre,
439 4110 467 4159 et
484 4101 565 4159 Pater
579 4102 606 4158 iii
621 4116 676 4167 me,
688 4100 776 4157 maltis
788 4104 913 4173 euniplis
927 4104 962 4158 ad
974 4106 1017 4159 in·

215 4197 364 4269 telligentits
381 4196 459 4267 fidem
477 4204 597 4263 coaptat:
611 4195 647 4250 ita
660 4204 688 4250 at
703 4210 785 4267 neque
798 4212 849 4251 nan
859 4196 1016 4253 eredendum

214 4290 247 4347 ae
265 4306 293 4345 se
308 4288 363 4345 lica
375 4289 428 4354 sit,·
441 4304 521 4359 neque
540 4286 709 4357 opinandum,
721 4296 794 4343 satra
815 4288 940 4347 rationem
953 4290 1016 4361 fidei

213 4399 269 4441 esse
281 4382 477 4453 intelligentiam
495 4380 638 4452 pammatii.

1070 3462 1129 3501 cam
1139 3445 1268 3501 denticulis
1282 3445 1410 3502 hereticis
1422 3446 1562 3519 quidquam
1577 3449 1755 3519 patiutar,stec
1770 3448 1872 3509 Filiam

1070 3536 1121 3593 Dei
1134 3538 1274 3593 secandam
1290 3546 1315 3594 et
1325 3537 1414 3594 Patris
1435 3540 1616 3607 testimonium,
1634 3550 1657 3597 et
1678 3557 1751 3597 saam
1765 3546 1871 3617 proies·

1069 3632 1167 3686 sienem
1179 3632 1349 3704 ignorandum
1363 3647 1417 3687 esse
1429 3633 1550 3703 cuiquam
1562 3634 1700 3705 permittat.

1104 3722 1162 3779 lit.
1179 3721 1275 3779 Contra
1290 3723 1432 3781 Sabelliani
1451 3733 1475 3779 el
1489 3723 1631 3780 liebiottcm
1645 3736 1669 3781 et
1681 3726 1728 3783 itas
1747 3744 1800 3783 aaa
1816 3729 1871 3785 seri

1069 3814 1119 3869 liei·
1129 3815 1312 3885 prnrdieatores
1324 3817 1500 3888 congreditur,
1513 3833 1625 3888 quoram
1642 3819 1709 3875 inter
1719 3836 1746 3875 se
1754 3821 1871 3878 diuersas

1067 3907 1184 3980 perfidia
1197 3908 1350 3978 quaestiones
1364 3909 1530 3979 conserendo,
1546 3922 1670 3982 qrmntani
1684 3913 1783 3969 intersit
1801 3913 1871 3969 inter

1067 4016 1158 4054 turiani
1174 4008 1198 4055 et
1211 3999 1384 4055 inviolabilem
1399 4001 1460 4072 yidci
1472 4010 1567 4058 riostrie
1576 4004 1720 4061 doctrinam
1734 4006 1872 4063 absolutis·

1067 4092 1131 4149 sinte
1147 4093 1314 4149 demonstrat.
1332 4092 1498 4165 Sicciumque
1512 4111 1603 4151 caritas
1618 4098 1778 4170 singularam
1788 4115 1869 4173 qene-

1067 4204 1126 4241 ruin
1147 4202 1181 4243 aa
1194 4187 1342 4263 Euangeliis
1362 4199 1495 4263 exemptas
1515 4192 1688 4262 prosequitur,
1701 4201 1729 4247 ut
1744 4208 1789 4247 nec
1804 4208 1869 4264 pra-

1070 4282 1148 4352 y'essio
1157 4292 1246 4337 nostra
1266 4284 1375 4338 laeserit
1384 4281 1432 4338 bet
1447 4282 1511 4339 Filii
1522 4293 1682 4357 potestatem,
1697 4302 1743 4339 nec
1757 4296 1871 4356 potestas

1069 4388 1121 4426 nan
1135 4374 1275 4427 msmaerit
1287 4384 1418 4438 naturam,
1432 4390 1478 4429 nec
1490 4385 1585 4429 nartira
1595 4390 1647 4428 non
1659 4390 1713 4429 saar
1726 4376 1873 4435 natisitutis

249 4474 295 4531 ll.
310 4474 496 4531 lltststicaram
507 4474 771 4545 doctrinameaponil.
780 4472 890 4543 Deinde,
900 4476 1016 4534 amnibus
1028 4488 1056 4550 1)
1069 4463 1113 4529 δῖ’·
1125 4479 1170 4517 ’¹⁶⁰
1184 4464 1304 4517 'labilia‘
1319 4481 1370 4518 ΜΒ
1383 4465 1424 4519 ⁸¹¹⁵
1436 4470 1469 4519 ‘ll
1482 4465 1604 4519 ”Wlffl-

215 4568 278 4640 legis
297 4582 330 4621 ue
351 4566 537 4641 propbetaram
557 4566 707 4621 testimoniis
729 4566 920 4635 daniaristratir,
935 4570 1014 4639 perfi-
1103 4554 1173 4613 Vffl·
1191 4555 1311 4611 T⁰l¹l⁸¹li
1324 4558 1402 4612 “lili
1415 4557 1463 4612 ⁰⁶3
1482 4557 1722 4617 ‘imilliiilsslllltm
1749 4564 1870 4622 delenita

214 4660 386 4715 diametrum
405 4660 442 4713 ita
460 4658 578 4725 revincit,
592 4666 621 4713 al
642 4674 723 4713 anam
734 4656 818 4713 licant
838 4660 893 4715 sine
911 4659 1015 4717 Cbristo
1068 4658 1116 4712 ‘ili
1130 4664 1183 4702 '¹⁰¹²
1202 4652 1320 4718 “nimbi
1331 4646 1403 4704 Filii
1416 4648 1464 4705 Μ
1475 4650 1642 4721 natiailalem,
1655 4654 1700 4709 ’Μ
1720 4672 1800 4726 'llil‘
1822 4676 1871 4728 W

213 4752 271 4811 [ιω
291 4762 316 4811 gy
336 4753 467 4825 ponpam,
492 4762 516 4808 gy
535 4766 587 4807 nnn
605 4766 664 4807 epm
686 4766 715 4808 ιο
732 4751 876 4823 proeay'eayp
898 4753 1016 4826 Μαῖα
1068 4757 1124 4797 eam
1137 4741 1219 4796 duam
1228 4742 1333 4797 deorain
1345 4743 1502 4798 diuinitatem
1511 4745 1686 4804 introduceris.
1699 4747 1799 4805 Deinde
1808 4755 1867 4821 qai·

212 4846 257 4903 „q
1069 4836 1115 4891 bas
1129 4836 1211 4891 modis
1236 4836 1350 4891 baeretici
1374 4838 1505 4893 acritatem
1516 4837 1565 4893 liei
1577 4836 1667 4897 Patris
1690 4853 1714 4898 et
1729 4842 1780 4899 liei
1788 4840 1869 4917 Filii,

251 4937 286 4995 V.
307 4936 404 4995 Contra
417 4953 505 4993 amnes
524 4937 703 4993 baereticorum
717 4937 889 5008 professiones
908 4952 1015 5011 conpre-
1069 4930 1131 5001 qaia
1140 4946 1235 5003 negare
1246 4944 1298 4984 nori
1313 4938 1431 5001 pussant,
1447 4930 1549 4987 cludere
1562 4932 1690 4998 nituntur,
1705 4936 1803 4993 edeam
1821 4939 1871 4998 Sia

214 5032 296 5099 aym,
306 5030 398 5103 quatu,
411 5046 491 5085 „qum
505 5030 587 5085 pm„
597 5030 739 5087 pecundum
748 5031 839 5105 tem,
851 5030 885 5086 aa
897 5031 1014 5087 aalma.
1067 5023 1145 5077 etiam
1157 5032 1250 5077 catera
1259 5022 1432 5092 prosequitur,
1446 5031 1474 5078 at
1487 5033 1512 5080 et
1528 5024 1555 5079 ia
1564 5023 1645 5081 Patre
1653 5026 1738 5085 Filias
1750 5030 1870 5089 intellec·

215 5124 276 5181 darn
298 5122 410 5178 Domino
431 5119 535 5177 Cbristo
549 5123 718 5187 natiuitatam,
735 5132 759 5177 et
780 5124 969 5195 properantibus
990 5132 1013 5178 el
1067 5124 1158 5183 iliad
1178 5114 1258 5171 Pale!
1280 5116 1309 5171 bt
1328 5114 1399 5171 Filio
1414 5118 1542 5191 maridas,
1563 5118 1688 5192 unigeniti
1702 5122 1748 5178 bei·
1772 5127 1870 5183 nmini-

213 5213 413 5291 proedicaiitibas
440 5214 477 5268 ita
498 5213 643 5286 respondet,
671 5223 699 5271 at
723 5230 775 5273 ano
794 5230 853 5269 aero
870 5212 919 5269 Dei
940 5225 1014 5285 patre
1067 5216 1107 5264 liis
1126 5216 1151 5263 el
1166 5210 1279 5279 perlecta
1293 5208 1356 5283 (bis.
1371 5206 1454 5265 Corb.
1483 5212 1600 5280 perfecti.
1615 5209 1726 5270 Conler.
1747 5216 1865 5276 Bretia-

215 5324 248 5365 ιω
261 5310 316 5383 1292
335 5317 360 5362 gt
372 5305 504 5381 proplidiis
520 5305 663 5377 proelilcltlo
682 5314 705 5361 el
719 5307 783 5377 fides
800 5308 878 5363 unius
888 5306 938 5365 Dei
957 5326 1014 5365 mli-
1066 5303 1137 5355 rillln
1154 5300 1248 5355 Hilarii
1263 5300 1310 5357 lib.
1326 5300 1348 5373 ι)
1372 5301 1400 5357 in
1411 5318 1440 5357 eo
1455 5303 1537 5360 deitas
1556 5304 1583 5360 t’lt
1604 5307 1674 5362 οιιιιιί
1687 5309 1870 5380 mblfssleittt·

214 5410 274 5457 neat
288 5401 449 5471 incorrupta,
465 5407 489 5453 et
503 5413 554 5452 nan
566 5405 671 5468 negetur
684 5398 815 5454 solicitas.
1065 5395 1179 5451 scritate.

252 5491 296 5547 lt.
311 5490 406 5548 Omnes
423 5490 1016 5562 impiasetiraudulenlatbtereticorantasser-
1101 5486 1149 5544 lx.
1175 5487 1209 5543 ln
1231 5489 1386 5560 repellendis
1417 5491 1597 5549 taneslecmni
1626 5496 1762 5567 fraudibus
1796 5506 1869 5558 tatas

213 5586 307 5651 licias,
327 5582 455 5639 Valentini
475 5583 582 5651 scilice,
596 5592 619 5638 ct
634 5580 753 5650 Sabellii,
774 5590 799 5639 et
824 5581 964 5639 binniebai
990 5593 1016 5640 et
1065 5583 1180 5654 digestas
1194 5591 1250 5639 cst:
1268 5584 1361 5654 quibas
1381 5595 1503 5659 corrapta
1525 5587 1712 5662 depravatoque
1732 5606 1808 5646 serim
1832 5610 1871 5652 ex

214 5674 369 5732 llierarcltte
384 5678 542 5748 apertissime
568 5675 669 5748 pandit.
692 5674 739 5733 Sic
762 5676 831 5729 enini
856 5674 1016 5748 singularam
1066 5677 1194 5731 dictorum
1214 5675 1400 5732 dominicatam
1414 5680 1616 5750 posessionibus
1632 5679 1668 5735 ati
1681 5681 1869 5754 infirmandam

213 5770 337 5843 correptis
349 5768 475 5827 inntelias
486 5769 567 5826 serbis
580 5770 703 5839 occurrit,
716 5778 745 5825 at
757 5784 802 5825 nea
815 5782 950 5825 commune
960 5784 1015 5827 etse
1066 5770 1191 5843 anigeniti
1204 5767 1256 5827 bet
1268 5770 1425 5827 diuinitatem
1435 5773 1610 5829 resistentibus
1622 5772 1660 5828 ila
1672 5775 1820 5848 respondet,
1834 5794 1869 5838 us
