4017 6317
322 304 376 367 ltu
929 304 1053 367 8chss
1071 306 1203 367 ultimi
1222 306 1376 369 srlsuort
1899 322 1931 377 tlt

324 424 430 483 Patrem
445 422 491 499 qui
505 422 659 481 miritillum
670 420 761 498 (loun.
779 438 808 491 r,
823 422 882 495 45),
894 423 928 481 44
940 422 1124 481 bonorillean·
1136 426 1163 489 Α
1175 424 1264 493 Pater,
1289 436 1317 482 et
1338 426 1492 495 divisibilis,
1511 436 1540 485 et
1558 428 1756 498 convertibilis,
1769 438 1797 488 et
1817 429 1853 503 (4)
1863 446 1932 506 corps

322 515 386 573 dum
401 516 508 574 Putrem
521 531 570 587 per
583 515 714 573 bonorem
726 514 787 572 Filii
802 531 832 573 se
845 514 990 573 referrent.
1174 519 1324 577 secundum
1337 520 1409 587 illos,
1424 533 1452 576 et
1461 530 1591 593 quesitum
1605 522 1633 579 in
1649 525 1716 593 ipsis
1732 533 1783 589 est,
1799 541 1931 599 consequen·

359 610 386 666 5.
404 608 518 666 florens
533 610 639 665 444444
653 610 719 666 lues.
731 638 767 653 --
783 610 899 667 Emersit
911 611 983 667 enim
995 610 1123 682 pestifera
1176 610 1213 666 tia
1225 612 1350 682 corporis
1368 611 1507 669 sustinens
1526 614 1587 670 sinc
1604 628 1722 686 corpore
1742 616 1820 671 bens.
1837 618 1933 689 »Etrus

322 711 350 761 ct
361 703 448 759 letalis
461 702 568 775 populis
580 702 618 777 (4)
633 703 760 776 proxime
775 704 844 772 lues,
859 718 921 775 quse
934 704 1034 775 ingenti
1049 719 1125 777 gras·
1175 705 1297 762 uobiscx
1311 706 1568 779 integmadrersum
1582 708 1828 780 bancimpiissimn
1838 710 1934 768 doctum

321 806 378 853 sata
392 796 630 868 conlegioruinum
647 796 810 853 miserande
825 797 921 853 mortis
933 796 1048 853 inuexit.
1065 796 1123 853 Non
1174 800 1371 871 expositionem
1391 802 1563 873 eraugelicus
1583 816 1654 859 nunc
1672 804 1728 859 erit
1744 818 1848 869 sermm
1865 820 1935 862 cons·

321 890 393 947 euim
406 897 511 945 tanturn
537 896 582 944 aut
600 888 798 945 considentium
812 888 845 959 ((.
864 888 1078 962 concidentium)
1097 888 1124 945 io
1175 908 1262 965 quiens
1275 894 1490 951 existimavimus
1505 896 1681 965 cornemium
1693 893 1736 969 (2)
1749 894 1783 969 (e)
1795 897 1822 953 in
1837 898 1907 967 primo
1917 900 1936 953 li·

322 982 405 1039 cliuos
424 998 485 1039 eum
503 982 610 1053 populis
625 982 682 1039 suis
700 996 798 1052 repens
812 981 918 1038 urbium
931 984 1057 1047 vastitas,
1079 990 1126 1037 aut
1175 995 1219 1043 eet
1245 987 1314 1044 libro
1337 987 1484 1047 editionem
1510 990 1593 1063 brrjos
1618 990 1756 1047 liuerescos
1777 990 1935 1061 couscripnn,

321 1072 479 1146 frequentes
488 1073 623 1131 bellorum
634 1084 661 1131 et
673 1074 799 1132 funebres
812 1082 983 1139 murtenam
996 1074 1124 1133 immedi·
1176 1096 1247 1137 num
1255 1096 1363 1153 quoque
1373 1081 1435 1139 bule
1447 1094 1525 1140 sexto
1537 1086 1659 1141 inserere
1673 1101 1681 1139 ;
1693 1092 1724 1139 ut
1738 1082 1936 1149 recensiones

322 1177 390 1226 calm
404 1168 573 1239 aegritudiuis
588 1170 719 1241 populosa
740 1169 863 1241 contagia
882 1168 1077 1237 deservierunt,
1097 1172 1124 1225 io
1176 1176 1363 1246 responsionis
1379 1175 1413 1232 ad
1431 1177 1536 1249 singula
1556 1178 1678 1249 subjecta
1692 1177 1812 1243 collatio,
1823 1191 1867 1246 per
1881 1193 1937 1231 erar·

322 1270 454 1334 quiritum
467 1262 500 1317 ad
515 1261 626 1317 exitium
639 1261 748 1334 generis
759 1262 869 1317 liumani
885 1264 997 1319 liaeresis
1013 1261 1072 1319 bec
1084 1261 1127 1319 fu·
1175 1269 1277 1341 geliess
1289 1280 1371 1341 atque
1385 1272 1550 1341 apostolicas
1570 1272 1757 1329 institutiones
1770 1271 1856 1326 inritis
1866 1272 1938 1327 liceto

325 1364 403 1409 nesta
416 1362 539 1429 grassata
549 1365 601 1411 est.
620 1354 675 1411 Deo
699 1353 784 1423 euim,
799 1354 841 1409 cui
857 1355 948 1410 omnia
964 1356 990 1411 itt
1012 1356 1128 1411 mortuis
1176 1362 1425 1421 contradicentibus
1450 1379 1563 1421 sensum
1593 1366 1716 1421 renitatis
1741 1363 1838 1420 eliciat.
1868 1366 1938 1419 bisunt

324 1446 429 1517 uirum,
445 1446 496 1503 boc
511 1447 597 1505 solum
618 1449 689 1521 perit
703 1448 774 1521 qnod
797 1452 849 1507 sibi
869 1450 985 1523 deperit.
1002 1449 1070 1506 llam
1082 1452 1127 1521 ju·
1176 1468 1253 1527 ergo.
1355 1442 1359 1448 ’

324 1540 462 1597 dicaturus
475 1544 533 1615 ipse
547 1542 725 1609 deomnibus,
741 1553 769 1602 et
784 1560 833 1617 pro
848 1545 998 1618 majestatis
1009 1560 1067 1602 sure
1080 1545 1127 1601 mi·
1355 1528 1395 1601 (3)
1405 1529 1440 1604 (f)
1455 1527 1611 1601 multllm
1621 1528 1797 1602 militm&

325 1635 475 1693 sericordin
491 1650 579 1709 poeuae
589 1638 715 1695 meritum
731 1640 864 1711 ignoranti
879 1639 1070 1697 moderaturus
1081 1654 1127 1696 er·
1213 1642 1241 1698 5.
1256 1642 1314 1699 arti
1327 1652 1353 1699 et
1366 1644 1525 1699 mseriarum
1537 1648 1595 1719 ejus
1613 1644 1649 1699 44
1663 1643 1838 1699 Alexandrum
1851 1642 1938 1711 epium.

324 1729 391 1796 rori,
409 1738 539 1800 negantes
563 1745 593 1787 sc
613 1746 667 1785 uon
678 1732 733 1802 jem
751 1731 883 1804 judicabit
899 1734 1001 1808 utique,
1016 1733 1063 1790 sed
1080 1748 1127 1791 nc-
1176 1754 1234 1789 -t
1247 1733 1377 1793 Novimus
1401 1751 1484 1792 unum
1499 1736 1595 1804 Deum,
1619 1738 1706 1793 solum
1730 1734 1938 1800 brectonum

324 1820 397 1893 gobit
412 1820 521 1891 (uerri.
539 1839 566 1891 x,
582 1824 627 1891 om
642 1824 695 1880 nid.
707 1826 755 1881 Tr.
772 1825 839 1898 proi.
854 1842 917 1895 cxx,
927 1845 953 1883 u.
964 1826 1003 1901 8).
1140 1826 1166 1887 B
1179 1828 1385 1899 sempiternum,
1402 1829 1491 1885 solum
1511 1830 1571 1887 siue
1583 1830 1672 1895 initio,
1687 1829 1776 1885 solum
1793 1826 1940 1885 immortalite

362 1914 390 1968 4.
418 1912 502 1981 Quom
522 1915 630 1971 subdole
651 1917 721 1973 uirus
744 1935 820 1973 sunm
844 1918 1024 1985 41144444-
1041 1920 1128 1995 Negat
1178 1930 1234 1977 tem
1255 1921 1409 1989 habentem,
1434 1924 1523 1979 solnm
1547 1924 1692 1995 optimum,
1714 1923 1802 1978 solum
1827 1930 1938 1993 potentes.

323 2009 408 2077 enim,
428 2022 509 2083 negat
525 2010 953 2070 furensbaeresissacramentum
966 2016 1125 2083 serzelldel,
1177 2016 1299 2071 omnium
1327 2026 1501 2086 creatorem,
1524 2016 1710 2073 ordinatorem
1732 2027 1760 2072 et
1786 2014 1939 2087 dispositum

323 2100 358 2157 ad
372 2101 519 2172 impietatis
532 2118 588 2161 sure
598 2105 749 2162 doctrinam
764 2106 901 2179 religionis
913 2123 961 2164 usa
973 2107 1125 2181 principiis.
1177 2106 1423 2178 inconnertilriletn,
1449 2109 1658 2178 immutabilem,
1672 2110 1777 2180 justum
1798 2119 1826 2164 et
1842 2109 1939 2176 optione
1967 2107 1969 2204 )

322 2207 384 2251 oum
400 2194 567 2252 infidelitatis
580 2211 637 2255 sure
659 2200 869 2271 expositionem,
885 2211 915 2256 ut
939 2201 1127 2272 sincerioribus
1177 2198 1245 2273 legis
1255 2209 1283 2257 et
1295 2200 1490 2273 prophetorum
1500 2202 1601 2258 etuovi
1612 2200 1793 2259 Testamenti.
1806 2200 1875 2255 llunc
1884 2199 1938 2253 linit

322 2286 399 2345 libris
413 2289 579 2361 continetur,
596 2294 631 2349 ita
651 2296 755 2367 coepit:
773 2314 783 2349 ι
797 2295 926 2353 Novimus
943 2314 1026 2354 unurn
1041 2300 1125 2357 Derim
1176 2311 1322 2368 geriemsse
1336 2296 1421 2352 filiun
1435 2296 1605 2369 unigenitum
1623 2304 1686 2352 :inte
1699 2295 1793 2351 otnnia
1805 2292 1936 2359 secui-tltl

321 2381 411 2439 solnm
435 2382 577 2455 infectum,
598 2387 686 2447 solum
708 2391 929 2462 sempiternum,
954 2393 1043 2449 solum
1066 2396 1127 2451 sine
1177 2408 1257 2463 utrem
1275 2401 1304 2449 et
1317 2390 1445 2447 seculum
1459 2404 1486 2447 et
1504 2391 1596 2447 omnia
1609 2389 1683 2447 fecit.
1698 2389 1798 2445 Natum
1816 2396 1937 2443 anuum
1967 2413 1968 2422 ι

322 2477 410 2543 initio,
427 2480 514 2535 solnm
537 2498 644 2551 rerum,
667 2485 755 2541 solum
775 2486 1005 2543 immortalitatem
1027 2487 1125 2545 baben·
1177 2488 1307 2558 putative,
1319 2486 1439 2543 sudsere
1452 2486 1611 2543 obsecutum
1625 2484 1757 2540 rolnntati
1771 2498 1836 2547 sure,
1848 2481 1936 2535 inuuu-

322 2580 388 2642 tcm,
400 2572 487 2629 solum
503 2578 652 2649 optimum,
663 2578 754 2636 solum
768 2586 916 2651 potentem.
934 2598 944 2633 s
959 2579 998 2635 Ad
1011 2578 1037 2635 id
1053 2580 1125 2637 enim
1177 2580 1259 2638 bilem
1273 2592 1300 2637 et
1323 2578 1570 2647 inconvertibilem,
1587 2586 1739 2635 creaturam
1756 2577 1802 2633 liei
1816 2574 1935 2647 perlectas.

324 2682 480 2742 usurpatum
500 2674 605 2745 prolicit
627 2677 678 2748 pire
699 2679 881 2735 confessionis
901 2679 1126 2751 exordiumque
1176 2673 1226 2731 scd
1241 2690 1295 2731 non
1307 2674 1348 2747 (4)
1362 2674 1442 2729 siculi
1456 2688 1538 2729 uuum
1554 2672 1589 2727 de
1611 2671 1761 2737 ctffllutisl
1773 2664 1936 2730 firtonum

322 2762 382 2817 alt:
402 2782 411 2817 t
434 2761 523 2819 Unum
546 2763 642 2829 Deum,
668 2772 695 2818 et
717 2763 804 2820 solum
820 2764 961 2833 infectum,
985 2775 1014 2821 et
1036 2767 1124 2823 solum
1176 2783 1231 2823 uon
1246 2766 1327 2823 sicuti
1337 2774 1445 2823 caeterse
1459 2766 1649 2831 faetutre;uec
1665 2775 1695 2819 ut
1712 2762 1866 2819 Valentinus
1876 2758 1934 2831 pulte
1968 2753 1969 2832 ff

323 2856 382 2912 sine
395 2858 492 2914 initio:
508 2878 518 2913 r
534 2870 624 2933 utper
637 2860 706 2927 liure,
722 2877 782 2932 qun
793 2860 920 2943 religiose
935 2861 1125 2920 verbisosteo·
1176 2862 1277 2919 tionem
1298 2861 1395 2917 flatum
1417 2860 1507 2917 Putris
1529 2867 1727 2917 commentatus
1752 2866 1811 2921 est:
1832 2871 1878 2912 nec
1895 2854 1934 2907 siut

325 2960 457 3021 farentur,
473 2963 571 3011 cartem
583 2955 665 3026 impie
680 2955 870 3013 subderentur.
883 2954 949 3012 Nem
962 2967 1023 3029 post
1042 2958 1124 3014 multo
1176 2954 1341 3011 ilonicbaeus
1355 2964 1460 3026 partem
1472 2954 1552 3010 unius
1565 2952 1723 3010 substantie
1737 2949 1815 3024 135
1829 2944 1937 3005 Patrisie

323 3045 389 3115 olio,
408 3063 468 3117 orreo
487 3048 521 3105 de
534 3048 604 3105 Filio
618 3050 675 3120 peri
698 3065 805 3121 quoqne
827 3050 961 3106 simulate
986 3050 1125 3123 religionis
1177 3060 1231 3107 tum
1246 3051 1386 3121 esposuit,
1401 3065 1451 3106 nec
1475 3049 1554 3105 sicuti
1570 3047 1715 3113 sabellius,
1738 3048 1784 3117 oni
1797 3038 1937 3109 unionentt'l

325 3140 405 3217 134.
419 3143 586 3214 professione
598 3144 757 3213 protulerat,
785 3142 902 3215 subjecit
917 3163 924 3201 ε
941 3164 950 3198 ι
965 3144 1123 3203 creaturam
1176 3146 1283 3214 diridit,
1297 3144 1385 3216 ipsum
1397 3144 1465 3200 dixit
1478 3143 1576 3199 Filium
1591 3157 1671 3215 quem
1684 3149 1713 3197 et
1722 3139 1846 3201 Patrem:
1860 3136 1899 3193 scd
1910 3147 1939 3187 nu
1969 3167 1970 3206 3

322 3234 370 3291 llei
385 3236 543 3305 perfectam,
558 3235 606 3293 sed
621 3235 722 3310 noo(l)
736 3237 815 3292 sicuti
829 3253 910 3293 unitim
924 3238 958 3295 de
972 3236 1121 3301 creaturis;
1137 3229 1160 3294 C
1175 3239 1254 3295 sicuti
1269 3236 1396 3293 llieracas
1416 3238 1553 3293 lucernam
1568 3234 1603 3291 de
1625 3236 1746 3299 lucerna,
1761 3232 1804 3289 rel
1822 3228 1939 3301 laropalru

321 3328 463 3396 facturum,
480 3330 528 3387 scd
548 3346 602 3385 nou
626 3328 706 3386 sicuti
727 3339 832 3385 cetere
851 3332 970 3387 facturn.
987 3351 997 3384 r
1013 3332 1048 3386 lit
1061 3337 1122 3402 post
1177 3332 1205 3387 in
1219 3331 1286 3387 dues
1301 3338 1408 3401 partes;
1425 3330 1530 3401 uecmri
1544 3328 1595 3385 fuit
1606 3336 1678 3392 ante,
1694 3326 1861 3397 postmodum
1878 3330 1941 3377 mun
1969 3321 1970 3398 p

323 3423 405 3478 multa
426 3424 490 3487 olis,
510 3423 619 3494 ortibus,
636 3424 760 3480 ueritatis
777 3423 927 3494 interjectis
940 3424 1122 3482 confessioni·
1177 3422 1220 3480 rel
1235 3431 1438 3494 supercreatum
1451 3422 1477 3477 iu
1497 3422 1593 3488 illium,
1609 3420 1688 3476 sicuti
1707 3430 1736 3475 et
1750 3429 1777 3476 tn
1792 3420 1853 3487 ipse,
1872 3413 1941 3471 betis

322 3512 384 3579 bus,
397 3517 436 3585 (bl
457 3516 593 3573 ltaereticae
608 3516 755 3587 impietatis
775 3516 982 3575 obumbraretur
996 3517 1120 3579 intentio,
1176 3522 1245 3575 sinte
1257 3531 1336 3588 papo,
1352 3516 1439 3573 media
1453 3517 1480 3571 in
1496 3514 1610 3572 ecclesia
1625 3522 1653 3571 et
1667 3514 1694 3571 in
1707 3527 1836 3569 consessu
1848 3509 1941 3576 frenum

323 3616 354 3663 ut
365 3608 512 3665 subsistere
527 3622 588 3664 eum
610 3608 644 3663 de
664 3622 717 3663 non
731 3607 899 3663 exstantibus
919 3617 1022 3680 argutio
1037 3609 1121 3664 inter·
1178 3620 1218 3669 ter
1230 3626 1279 3669 eos
1291 3611 1405 3681 quitatis
1422 3606 1721 3669 interrumperemus
1734 3606 1801 3664 :seu
1816 3601 1888 3661 sicori
1898 3596 1941 3654 diri

322 3700 481 3772 prelationis
496 3700 644 3757 subtilitate
658 3698 826 3768 defenderet,
840 3701 897 3758 ait:
916 3719 926 3754 ι
940 3700 973 3757 Et
989 3710 1052 3757 ante
1072 3716 1122 3756 sre-
1176 3719 1250 3771 urus,
1261 3703 1403 3759 voluntate
1419 3704 1464 3759 liei
1479 3713 1543 3758 ante
1557 3712 1678 3773 tempora
1691 3710 1720 3756 et
1733 3698 1939 3757 saecnlacretltlt

323 3795 381 3851 cula
397 3802 505 3851 creatus
520 3803 549 3851 et
559 3792 696 3858 fundatus,
713 3808 767 3851 non
782 3800 841 3850 erut
855 3802 917 3849 aute
935 3810 1015 3865 qinom
1030 3808 1124 3850 nasce·
1175 3808 1203 3855 et
1213 3799 1304 3855 virere
1316 3808 1344 3854 et
1356 3811 1418 3853 esse
1430 3797 1590 3868 occipiensa
1602 3794 1727 3861 estrees
1734 3794 1775 3867 (5)
1788 3790 1827 3865 (b)
1839 3790 1937 3863 gtoriut

323 3897 408 3945 retur.
427 3907 437 3941 i
454 3887 597 3945 Postremo
609 3888 687 3958 quasi
701 3888 782 3945 rebus
794 3889 850 3957 jam
872 3888 997 3945 omnibus
1012 3888 1123 3945 validis·
1174 3893 1393 3950 consubsistente
1404 3892 1494 3947 Patre.
1506 3888 1600 3959 Neoris
1618 3889 1691 3945 enim
1704 3888 1787 3944 Peter
1799 3886 1893 3942 domei
1904 3895 1941 3934 ore

322 3983 391 4038 sime
412 3982 446 4038 ad
465 3982 613 4055 irupietatis
624 3980 661 4053 (e)
676 3980 861 4039 defensionem
883 3981 1068 4050 communitis,
1088 3997 1122 4037 ne
1175 3987 1248 4043 ulum
1264 3985 1460 4053 hereditatem,
1474 3982 1609 4039 fraudarit
1625 3982 1801 4052 semetipsum
1813 3982 1845 4035 ab
1855 3978 1893 4033 bis
1901 3988 1940 4045 ott

322 4074 363 4130 rel
379 4072 451 4131 tilius
463 4076 505 4131 vel
525 4076 595 4132 flens
619 4074 826 4146 intelligeretur,
843 4073 951 4144 adjecit,
978 4076 1030 4131 «sl
1049 4077 1121 4132 enirn
1176 4094 1230 4135 non
1242 4079 1310 4134 facto
1324 4078 1425 4148 abipso
1436 4078 1569 4132 labentur
1581 4075 1656 4131 :fons
1675 4086 1718 4131 est
1738 4084 1827 4130 nutem
1842 4070 1942 4126 omniun.

322 4166 393 4237 uttod
407 4182 439 4222 es
452 4168 518 4238 ipro,
532 4167 640 4239 etquotl
652 4184 684 4223 es
697 4177 779 4232 utero,
797 4178 824 4225 ct
837 4168 908 4239 quod
924 4186 954 4225 eo
966 4169 1123 4226 Porreeeiei
1212 4172 1239 4229 d.
1258 4192 1268 4226 t
1289 4173 1460 4245 ernpmptcr
1479 4180 1536 4227 tres
1554 4169 1712 4226 substantie
1731 4177 1804 4233 stunt,
1819 4168 1898 4229 Peter,
1917 4159 1944 4213 ft·

322 4260 511 4324 elueri,nelut
527 4269 629 4330 purtem
648 4260 983 4332 eiusuniussubstautirc,
1006 4263 1123 4334 etqttasi
1176 4264 1241 4329 lius.
1264 4265 1383 4337 Spiritus
1396 4273 1516 4320 sottctus.
1546 4262 1580 4318 Et
1604 4262 1713 4333 qttidem
1742 4260 1815 4317 Deus
1836 4261 1943 4314 causati

323 4350 500 4421 prolationem
521 4352 672 4408 extendens
689 4351 867 4425 intelligitur3
891 4356 1058 4427 compositus
1070 4358 1123 4413 erit
1176 4358 1309 4423 otntrium,
1323 4354 1436 4412 omnino
1449 4354 1507 4412 sine
1528 4354 1605 4410 initio
1619 4353 1767 4410 solitarius.
1784 4352 1866 4409 Filius
1881 4356 1943 4405 autent

371 4495 398 4563 ll
414 4494 583 4553 Siceliunnm
595 4496 627 4551 de
638 4506 765 4553 nemum.
1218 4498 1247 4570 5)
1262 4498 1325 4555 uec
1336 4496 1489 4569 epigraplre
1503 4494 1583 4552 deest
1595 4494 1622 4551 in
1636 4503 1731 4549 nestro
1742 4493 1846 4551 codice.

370 4566 398 4639 2)
412 4566 447 4621 ln
459 4578 548 4636 onrrrto
561 4567 699 4635 legebatur
714 4570 740 4652 in
754 4578 847 4652 uestro
861 4567 969 4636 codiec;
985 4568 1034 4625 sed
1047 4571 1156 4669 anti-D
1213 4569 1243 4644 4)
1259 4571 1308 4627 llic
1321 4570 1419 4654 repetit
1434 4568 1511 4623 sicuti
1527 4584 1606 4623 soum
1620 4567 1652 4622 dr
1665 4576 1794 4623 creature.

322 4653 373 4711 (pta
385 4654 465 4695 triario
480 4639 649 4721 emendatum
659 4647 702 4697 est
714 4656 739 4693 m
752 4656 845 4713 pomo.
1205 4642 1244 4718 (5)
1259 4640 1389 4698 Gionurrs.

359 4777 440 4850 (4)1ιι
456 4776 527 4847 vrrlg.
543 4778 669 4846 prosimu.
684 4777 716 4834 bt
732 4777 759 4832 in
774 4794 840 4835 mss.
853 4779 980 4852 proxime,
996 4781 1068 4852 qtmd
1079 4795 1122 4837 re·
1174 4780 1236 4837 fidei
1252 4780 1457 4847 professionem.
1472 4780 1639 4850 Quamquam
1660 4776 1711 4833 sub
1727 4776 1783 4831 alin
1796 4767 1946 4847 respeetnb}l

323 4846 409 4905 fertur
422 4849 456 4904 ad
481 4850 592 4903 mortuil.
618 4848 654 4903 lu
671 4848 718 4904 fib.
734 4866 753 4909 ι,
772 4867 797 4905 n.
812 4850 858 4915 25,
874 4851 931 4907 Arii
951 4852 985 4909 ad
1007 4855 1123 4910 lilexan-
1174 4853 1232 4923 ipse
1249 4853 1318 4909 liber
1331 4853 1456 4923 proxime
1476 4861 1565 4907 sertus
1589 4857 1774 4918 nuncupatur,
1792 4841 1946 4924 Erasotuslut

323 4920 401 4975 dmm
415 4920 529 4986 epistola
544 4920 644 4976 dicitnr
654 4936 703 4975 riou
719 4921 780 4977 olim
793 4922 876 4978 edita.
1173 4925 1206 4979 sd
1223 4925 1371 4994 marginem
1389 4924 1582 4991 adscripscrat,
1597 4920 1655 4993 Ego
1669 4936 1729 4973 nero
1742 4936 1796 4974 nou
1811 4917 1893 4972 44444
1905 4924 1946 4989 414

359 4992 396 5065 (4)
424 4992 510 5058 Editi,
540 4994 617 5066 lrrtjur
640 4992 776 5049 boereticoe.
802 4994 913 5051 Rectius
937 4994 1015 5052 abest
1043 4999 1123 5072 liujus
1174 4995 1510 5068 legendumritinqsntsor
1524 4992 1804 5059 libris,oiouepostea
1818 4988 1948 5053 strlrsrripnl

323 5076 418 5120 ⁸¹¹¹⁵⁸·
1174 5067 1243 5123 Lud.
1260 5068 1378 5122 blirurus.
1399 5066 1532 5121 Nimirum
1553 5080 1606 5120 non
1625 5063 1802 5118 aduerterunt
1826 5066 1946 5115 sermonen

371 5135 396 5205 c)
409 5136 456 5193 Sic
470 5149 533 5191 niss-
552 5134 624 5190 Etlili
640 5151 718 5203 vern,
736 5137 934 5207 professionem.
1176 5140 1219 5194 lrie
1235 5138 1326 5194 baberi
1341 5138 1376 5193 de
1387 5136 1487 5207 perfida
1501 5138 1660 5192 brictiorum
1672 5132 1800 5201 epistole,
1814 5146 1872 5202 «pure
1881 5130 1948 5183 tum

372 5208 400 5281 4)
414 5208 482 5264 Editi
492 5206 544 5273 liic,
554 5222 708 5279 corporeus;
717 5216 753 5275 et,
766 5208 846 5275 iufra,
857 5226 961 5277 corpur.
971 5210 1053 5283 lingis
1066 5212 1122 5268 sibi
1176 5226 1226 5266 nus
1241 5210 1333 5270 unico.
1349 5224 1402 5264 nou
1416 5217 1532 5277 quotuor
1545 5206 1621 5262 libris
1633 5206 1706 5261 editu
1719 5215 1772 5260 est.
1887 5273 1892 5286 ι

323 5290 446 5336 cotrstonl
459 5294 523 5335 tttss.
1212 5281 1246 5356 (sl
1263 5280 1338 5336 ldnnc
1362 5280 1528 5351 epigrnpltcn
1547 5282 1574 5334 in
1601 5278 1677 5346 prius
1703 5276 1822 5349 vulgatis
1844 5278 1946 5330 omissam

360 5352 394 5421 (e)
409 5352 584 5407 Recentiorcs
598 5364 663 5405 mss.
679 5364 740 5406 cum
757 5350 883 5421 vulgatis.
905 5352 932 5407 io
944 5361 1036 5424 quarto
1051 5354 1119 5410 iicet.
1174 5354 1343 5410 restituimus
1356 5368 1390 5407 ex
1409 5352 1557 5419 potioribus
1571 5364 1637 5404 mss.

325 5421 380 5479 Duo
396 5426 528 5490 Vaticani,
544 5424 570 5477 in
590 5422 673 5485 urimo
695 5422 735 5476 uel
755 5431 846 5492 quarto
867 5422 924 5477 licet
945 5425 1020 5479 fibro.
1045 5426 1123 5481 Anti·
1212 5425 1252 5499 (g)
1267 5424 1413 5494 Editi,qui,
1426 5422 1472 5477 lib.
1485 5438 1522 5485 ru,
1539 5418 1718 5489 praeferebant
1733 5422 1852 5474 ursionem
1864 5415 1947 5486 trtlrot

323 5497 433 5562 uiliores
449 5505 550 5559 autem,
572 5496 644 5566 linire
668 5509 783 5549 numero
797 5494 897 5564 plures,
917 5496 943 5549 in
963 5496 1046 5566 prirrro
1063 5498 1122 5552 lieet
1174 5496 1219 5553 bic
1229 5496 1359 5553 exbibeut
1373 5496 1492 5551 unionem
1506 5493 1620 5548 dividens
1635 5507 1645 5547 .·
1660 5492 1806 5561 utrobique
1819 5490 1949 5558 refragtllr

324 5566 398 5621 libro
411 5568 476 5637 Qtrre
491 5569 571 5623 lectio
592 5568 670 5623 ritrbis
685 5582 718 5622 eo
738 5566 871 5621 sincerior
884 5567 940 5622 risa
956 5579 1008 5629 est,
1029 5584 1083 5639 quo
1094 5570 1121 5624 in
1176 5568 1227 5625 bus
1243 5582 1308 5623 mss.

326 5648 443 5695 mentem
458 5654 552 5695 eorum
566 5639 757 5707 minuscndst,
772 5640 817 5710 qni
829 5640 955 5707 aritiuuos
970 5654 1002 5695 ex
1018 5641 1125 5710 conjec·
1214 5638 1256 5710 (bl
1280 5640 1309 5695 ln
1323 5637 1453 5709 rrtlgatis,
1478 5637 1526 5693 lib.
1548 5652 1588 5703 ru,
1612 5634 1718 5708 gloriari
1733 5676 1740 5698 ,
1765 5634 1808 5689 bic
1833 5646 1892 5687 roro
1906 5636 1948 5709 pon

330 5710 397 5764 turis
412 5710 562 5781 corrigunt.
586 5713 635 5766 Cui
652 5712 724 5767 foret
739 5712 810 5782 quod
828 5708 896 5765 fiber
908 5712 1042 5778 superior,
1055 5729 1083 5768 n.
1099 5713 1127 5778 5,
1180 5710 1306 5769 omnibus
1321 5724 1386 5765 mss.
1403 5710 1517 5783 glutiunt
1530 5725 1540 5764 .·
1552 5706 1600 5763 sed
1615 5721 1708 5762 errore
1719 5705 1887 5763 librariorum
1898 5702 1948 5774 litu·

326 5788 380 5835 uon
396 5786 498 5852 quiritur
511 5784 557 5853 sed
572 5784 699 5847 secernitur
714 5783 879 5855 sepedictum
894 5791 922 5836 et
935 5780 997 5849 boc,
1010 5784 1047 5838 uti
1061 5782 1130 5839 diri·
1180 5798 1269 5847 romu
1291 5781 1423 5851 adlectum
1449 5781 1505 5853 latu
1529 5776 1684 5835 monuimus
1710 5776 1771 5849 (eol.
1799 5775 1860 5845 tull,
1882 5780 1940 5833 noll

326 5861 402 5909 ntis.
422 5853 484 5926 qrrle
496 5852 630 5910 secrtmlus
655 5862 696 5911 'ost
716 5867 808 5911 eorum
824 5852 956 5926 perfidam
969 5854 1129 5911 lutetiorum
1181 5852 1299 5911 editionis
1312 5851 1430 5908 obstrui
