4017 6317
295 314 350 375 aar
902 307 1027 369 smera
1047 305 1175 366 atesim
1195 306 1349 366 cnrscon
1874 315 1914 371 sn

296 436 349 495 εει,
364 434 392 482 ut
406 424 441 483 sit
454 424 479 480 ιιι
490 422 574 499 gloria
586 422 635 481 ιιει
645 421 747 497 patris;
762 421 957 479 contumelium
972 420 1097 479 adscribe
1111 424 1134 485 Α
1149 421 1268 480 ιιειειιει
1286 421 1320 479 ad
1334 429 1440 480 nature
1459 421 1652 479 cantunettnn
1666 432 1793 494 sument,
1810 426 1862 497 qnia
1872 432 1914 486 dir-

298 529 400 577 naturte
418 536 424 572 ι
441 518 463 575 si
480 532 556 582 vcro,
572 516 644 589 quod
658 517 693 573 ab
706 530 739 573 eo
753 515 931 587 glorificatur,
948 512 1097 569 auctoritas
1147 528 1204 575 tum
1219 528 1272 587 εει,
1288 516 1369 573 Pater
1384 522 1468 591 ntcjar
1479 534 1519 574 me
1531 528 1569 574 est
1580 535 1590 575 .·
1603 518 1645 575 rel
1660 517 1742 587 illud,
1756 518 1837 578 lledie
1848 538 1915 579 arten

229 640 230 651 ι
297 623 358 680 εει;
377 613 484 671 Patrem
498 610 629 685 iuniorem
643 610 671 667 in
686 610 856 684 qloridcaudi
874 610 1097 667 auctoritateco·
1147 622 1172 668 et
1183 612 1247 668 aare
1257 629 1333 668 neme
1347 612 1406 678 seit,
1420 628 1501 685 nepae
1513 612 1608 685 dnqeti
1617 614 1646 668 in
1660 612 1741 683 eelir,
1754 614 1914 687 amicitias,

296 723 406 782 gnosce.
1148 706 1200 761 nisi
1214 704 1294 761 Pater
1309 706 1381 761 soler
1397 704 1494 779 (llere.
1510 718 1573 775 stri,
1585 706 1646 779 32).
1660 706 1792 780 ignoratio
1804 726 1859 783 crgo
1874 713 1916 771 diei

334 802 379 861 56.
397 802 448 871 ont
461 800 541 859 Pater
554 806 651 874 maior,
663 818 709 858 nec
716 798 740 855 F
742 802 803 858 ilius
812 803 944 857 nurian-
955 798 1025 869 Quid
1039 798 1097 856 dis·
1148 808 1230 871 atque
1243 799 1319 855 borae
1330 798 1459 871 objicitur
1472 800 1611 873 unigenito
1624 800 1682 857 lico
1699 812 1746 858 :ut
1759 802 1861 861 berner
1873 806 1917 863 on

298 898 485 968 recausationem
508 896 542 953 ad
566 896 733 967 impietatem
753 896 844 969 rapis?
858 894 927 963 Quid
942 909 1100 952 sacramen·
1148 901 1228 951 natus
1245 908 1299 949 non
1314 894 1350 949 sit
1363 894 1389 950 in
1403 910 1435 951 ea
1448 904 1553 952 namne
1566 896 1732 966 perlectione
1744 915 1792 969 que
1804 898 1863 956 lleus
1875 911 1915 969 est,

299 997 354 1045 tum
373 1000 475 1047 nostrae
491 989 588 1047 salutis
602 990 707 1047 invadis
721 988 754 1046 ad
776 1000 891 1045 mortem
901 988 912 1043 ι
924 988 1098 1046 Glorilrcatu·
1148 1004 1211 1045 cunr
1223 986 1362 1045 nesciendi
1378 988 1539 1045 necessitate
1551 988 1709 1045 dominante
1719 1032 1727 1059 ,
1736 990 1789 1063 jara
1801 992 1836 1049 ris
1845 993 1916 1065 alique

298 1100 346 1141 rus
370 1084 469 1141 Filium
489 1083 573 1141 Pater
592 1083 681 1155 major
702 1092 746 1141 εει
762 1101 769 1138 :
785 1082 951 1155 glorineatus
973 1083 999 1139 in
1021 1082 1100 1139 Patre
1149 1082 1267 1139 exterior
1288 1098 1322 1141 eo
1337 1086 1425 1155 potior
1450 1084 1504 1153 sit,
1527 1101 1588 1157 quae
1610 1096 1747 1159 tamqnam
1759 1086 1882 1145 adrcrsnur
1894 1106 1917 1147 se

299 1178 384 1236 Filius
403 1179 494 1236 minor
518 1194 572 1236 non
590 1187 633 1235 εει
650 1177 703 1235 dut
716 1176 853 1250 quomodo
868 1176 958 1234 minor
971 1186 1033 1242 εει,
1053 1175 1118 1254 qtri
1151 1176 1315 1235 imbecillum
1339 1176 1365 1233 in
1390 1177 1549 1249 ignoranti-e
1564 1194 1626 1234 cum
1648 1178 1915 1239 intirnnitatedetincat.

298 1272 427 1345 ingloria
448 1272 499 1330 liei
512 1274 597 1345 patris
609 1274 672 1329 esti
685 1271 740 1329 dut
759 1272 890 1344 numquid
914 1270 995 1329 Pater
1013 1272 1102 1345 nrnjer
1150 1268 1322 1339 Quinetiam
1346 1268 1381 1326 ad
1402 1270 1483 1340 buiris
1503 1286 1552 1327 nos
1577 1271 1762 1344 intelligentiae
1783 1273 1918 1343 impietaten

300 1384 355 1425 non
371 1369 435 1426 esti
449 1368 535 1440 llajor
547 1368 639 1440 itaque
651 1368 732 1423 Pater
743 1377 795 1437 εει,
809 1366 872 1424 ιιιιιιι
885 1377 961 1439 peter
974 1376 1016 1423 est
1032 1366 1101 1423 :sed
1151 1361 1342 1419 baereticorum
1366 1362 1441 1419 lurnr
1461 1364 1523 1435 inre
1544 1363 1664 1436 quodam
1689 1364 1769 1439 m
1788 1370 1918 1425 trecessar'er

301 1458 396 1525 Filius,
421 1459 485 1516 dum
505 1459 578 1515 dlius
603 1468 664 1525 εει,
691 1458 773 1532 303
799 1459 888 1517 ιιιιιιοι
903 1474 957 1515 non
972 1468 1023 1515 εει.
1048 1458 1102 1515 Na·
1151 1457 1333 1513 concessionis
1346 1456 1500 1529 sonipede,
1518 1467 1547 1513 nt
1571 1460 1606 1513 ita
1630 1459 1792 1515 credendum
1810 1462 1854 1528 sit;
1868 1462 1918 1533 quir

301 1551 394 1610 tiritas
416 1552 479 1610 Filii
502 1564 606 1625 patrem
621 1555 761 1611 constitnit
782 1554 912 1627 rnejorem
935 1575 943 1613 r
969 1554 1102 1612 minorem
1153 1558 1208 1608 eta
1232 1550 1347 1609 bomine
1361 1552 1398 1607 ita
1411 1552 1513 1607 dictum
1528 1554 1582 1620 sit,
1598 1565 1626 1610 ει
1646 1554 1733 1612 rideri
1754 1556 1918 1627 irreligiosissi

302 1662 368 1705 uero
382 1646 479 1704 l‘ilium
494 1663 556 1707 εεεε
570 1649 718 1706 nativitatis
733 1658 829 1705 natura
845 1664 898 1705 non
913 1650 1023 1721 petitur.
1045 1648 1101 1704 bla-
1154 1658 1228 1699 mum
1251 1646 1355 1715 possit,
1372 1644 1549 1715 professionis
1563 1647 1671 1718 ejusde
1686 1663 1717 1705 se
1731 1651 1918 1721 protestationem

300 1738 514 1811 impeterem,
535 1740 599 1798 dum
613 1742 726 1814 qtortarn
742 1750 883 1813 assumpto
898 1740 1001 1797 bomini
1024 1755 1104 1813 rega-
1154 1736 1269 1794 diversae
1284 1737 1469 1810 intelligentiae
1485 1750 1584 1796 nostrae
1599 1741 1729 1811 opinione
1743 1745 1870 1814 cormnpi.

303 1844 348 1891 tur
369 1846 398 1891 ut
412 1833 529 1891 reddat:
546 1832 633 1891 Filius
645 1835 734 1891 minor
758 1850 811 1892 nou
832 1845 890 1901 est,
906 1834 971 1890 dum
984 1834 1099 1907 gloriam
1115 1826 1140 1889 B
1188 1830 1233 1887 oa.
1249 1835 1347 1887 dacter
1358 1832 1474 1887 omnium
1492 1832 1531 1888 nil
1545 1844 1627 1906 pateat
1641 1836 1749 1891 nescire.
1773 1834 1818 1903 ort
1828 1853 1874 1909 an
1884 1854 1919 1891 rer

302 1926 417 1985 resumit
435 1926 507 2000 apud
530 1926 650 1983 Patrem.
679 1927 767 2001 litque
790 1928 826 1985 ita
851 1936 876 1984 ει
900 1936 1100 1985 sacramentnm
1152 1926 1181 1981 in
1198 1941 1227 1980 se
1238 1942 1285 1980 nea
1298 1942 1343 1998 per
1357 1942 1384 1981 re
1398 1926 1449 1981 sint
1462 1926 1521 1995 ecit,
1536 1930 1616 1983 multe
1630 1929 1778 2001 nreqirqee
1792 1930 1814 1983 in
1826 1938 1919 1999 eetpe

302 2020 475 2089 nativitatis,
497 2029 526 2077 et
550 2020 717 2092 dispensatio
743 2020 941 2093 corporationis
963 2021 1100 2090 impletur.
1153 2032 1190 2072 re.
1207 2014 1270 2073 llier
1280 2014 1387 2072 Denrirri
1395 2034 1442 2091 per
1452 2020 1538 2088 ipsam
1551 2030 1575 2075 et
1588 2020 1615 2075 in
1627 2020 1685 2092 ipso
1699 2022 1827 2078 constitere
1842 2034 1881 2077 ει.
1892 2051 1919 2063 -

300 2114 368 2172 Nam
382 2123 410 2172 ει
429 2114 520 2183 Pater,
542 2115 604 2172 dum
625 2124 653 2171 et
672 2126 748 2187 pater
761 2125 803 2173 εει
823 2125 852 2172 ει
873 2114 1009 2187 glorificat
1030 2128 1103 2171 nune
1153 2108 1193 2166 tle
1208 2110 1326 2181 primum
1347 2121 1411 2168 ante
1424 2126 1505 2184 quam
1527 2113 1591 2169 dicti
1606 2114 1678 2170 ratio
1699 2124 1728 2171 ει
1746 2131 1819 2170 causa
1836 2132 1918 2172 nenne

301 2210 387 2266 lilium
400 2207 536 2276 bominis,
553 2208 641 2280 major
654 2218 698 2267 εει
712 2227 720 2265 ι
733 2219 762 2265 ει
784 2206 864 2266 Pater
878 2218 905 2265 ct
919 2206 1003 2264 Filius
1019 2222 1103 2264 unum
1154 2210 1248 2269 retur,
1267 2220 1350 2261 seusu
1365 2206 1518 2263 communis
1529 2206 1625 2279 judicii
1642 2207 1679 2281 (l)
1701 2210 1853 2266 sentiendum
1869 2222 1918 2279 est,

301 2312 374 2373 sunt,
386 2302 450 2361 dum
463 2320 496 2360 er
511 2304 594 2361 Patre
606 2311 685 2360 natus
701 2302 797 2371 Filius,
812 2311 874 2375 poet
887 2302 1103 2375 assumptionem
1155 2311 1190 2352 an
1197 2296 1329 2353 credibile
1339 2312 1400 2355 esse
1409 2300 1543 2370 possiem
1551 2299 1652 2371 aliquid
1664 2316 1698 2357 ex
1707 2302 1918 2369 omnibusnesriat,

302 2396 403 2455 terreni
422 2395 547 2469 corporis
558 2395 725 2469 glorificatur
737 2394 764 2450 in
779 2395 898 2452 Patrem.
1155 2390 1201 2461 qui
1216 2390 1343 2447 omnibus
1356 2390 1390 2447 ad
1406 2391 1432 2447 id
1446 2392 1520 2463 quod
1535 2408 1597 2449 snm
1612 2404 1695 2466 atque
1705 2405 1867 2452 eruntauctor
1879 2406 1919 2452 esc

338 2490 383 2545 57.
396 2488 611 2547 innascibilitatis
624 2497 647 2543 et
662 2486 801 2543 natieitmir
815 2504 865 2543 non
877 2486 930 2543 elia
943 2484 1107 2542 naturali·
1156 2486 1187 2544 Si
1205 2486 1279 2544 enim
1294 2486 1386 2544 otnnia
1407 2504 1457 2559 per
1477 2488 1617 2546 Citristum
1639 2500 1667 2545 et
1686 2490 1713 2547 in
1726 2490 1840 2559 Christo,
1858 2502 1882 2547 ει
1893 2492 1920 2546 ita

214 2584 217 2593 ⁴
303 2581 354 2639 ttae
367 2590 444 2637 netur
457 2597 510 2636 nan
524 2578 752 2654 cepta-lion
768 2578 850 2635 babet
870 2578 963 2649 itaque
978 2578 1107 2635 nativitas
1158 2598 1206 2657 per
1218 2583 1320 2656 ipsum,
1331 2594 1362 2640 nt
1376 2582 1465 2640 omnia
1480 2584 1507 2641 in
1522 2585 1581 2657 ipso
1594 2584 1667 2653 sint;
1684 2584 1711 2643 id
1724 2586 1793 2659 quod
1804 2602 1921 2657 nequeen-

305 2684 409 2732 nature
423 2673 619 2747 ignobilitatem
636 2672 720 2744 :quia
736 2670 762 2728 in
784 2671 870 2727 torma
891 2672 940 2727 bei
958 2682 1023 2739 εει,
1044 2673 1106 2743 quia
1158 2686 1200 2733 tra
1223 2693 1285 2733 eum
1310 2692 1399 2750 neque
1423 2694 1476 2733 non
1502 2694 1551 2750 per
1574 2694 1636 2735 enm
1660 2689 1718 2749 εει,
1742 2678 1860 2753 quorundo
1880 2694 1920 2733 nan

305 2783 339 2825 οι
360 2768 417 2825 ῠθο
430 2768 561 2823 tremitur.
579 2766 613 2822 El
626 2780 689 2823 cum
705 2762 817 2823 differre
834 2764 1033 2837 Slsstllilsslllfflle
1047 2763 1108 2837 ipsa
1158 2770 1240 2829 ctiam
1256 2772 1284 2828 in
1299 2772 1412 2830 scientia
1426 2774 1486 2845 ejus
1500 2774 1553 2843 sit,
1568 2788 1630 2830 cum
1645 2774 1801 2847 plerumque
1814 2773 1920 2845 (ciseice-

305 2859 477 2919 eristimetur
496 2858 694 2915 innascibilitas
713 2872 729 2913 a
749 2857 907 2924 ιιειιιιιιιιε;
926 2857 1054 2913 nativitas
1068 2866 1108 2913 ta-
1159 2866 1194 2925 ttn
1208 2866 1268 2939 eius
1280 2883 1323 2933 ea,
1340 2882 1400 2939 que
1412 2882 1500 2939 neque
1522 2867 1548 2924 in
1562 2882 1592 2924 εε
1608 2883 1700 2939 neque
1715 2882 1802 2941 perse
1814 2868 1873 2933 ειιι,
1887 2881 1923 2935 per

305 2970 368 3012 men
384 2969 438 3011 non
453 2950 809 3011 estextrainnascibilitatis
823 2962 959 3016 naturam,
976 2950 1109 3022 quianon
1159 2962 1286 3019 pistum„
1312 2972 1416 3018 „aqum
1441 2962 1480 3034 qq)
1496 2978 1550 3019 „011
1573 2963 1673 3021 ,ἐπεὶ
1694 2960 1881 3035 apprehendat?
1898 2964 1923 3013 pq

305 3046 537 3121 sumpsitaliunde
550 3044 622 3119 quod
636 3043 842 3105 substitit.llam
854 3043 962 3100 tametsi
974 3058 1029 3099 non
1040 3056 1108 3099 eon·
1159 3070 1226 3111 vern
1240 3056 1312 3129 quoq
1332 3071 1441 3112 causam
1457 3056 1509 3113 „153
1525 3074 1557 3114 ,ς
1571 3073 1605 3114 00
1620 3074 1674 3114 „011
1689 3058 1788 3123 sumn,
1803 3055 1831 3131 (e)
1843 3064 1865 3111 et
1877 3069 1923 3109 mn.

306 3152 398 3203 secuta
409 3142 456 3213 sit,
468 3152 500 3198 ut
509 3138 711 3199 coinnascibilis
721 3138 820 3197 edecta
835 3137 888 3203 ειι;
903 3139 1008 3209 aceepit
1018 3148 1107 3193 tamen
1161 3158 1217 3206 qum
1231 3149 1264 3206 qq
1277 3150 1313 3217 qq
1327 3147 1366 3223 (ε)
1381 3150 1452 3221 qam
1465 3158 1508 3207 032
1524 3150 1640 3223 amque,
1657 3150 1708 3207 „qu
1720 3152 1789 3207 qq„
1801 3165 1827 3206 ,θ
1837 3164 1880 3203 „qq
1891 3161 1924 3202 qn

305 3252 341 3295 ert
359 3235 512 3293 innascibili
527 3234 657 3292 decesso
679 3232 754 3307 qued
774 3234 847 3290 beus
861 3240 911 3289 εει.
932 3230 1015 3288 Fides
1027 3228 1146 3303 igiturc
1162 3240 1199 3314 pp
1212 3258 1221 3309 3
1234 3242 1371 3314 quomodo
1390 3250 1468 3299 exam
1481 3241 1540 3314 0qu
1559 3250 1664 3299 aarum
1675 3242 1812 3300 screnum
1827 3248 1875 3304 est,
1889 3254 1923 3307 pe

307 3340 412 3400 liubin,
428 3332 482 3389 dls'l
504 3332 610 3387 initium
636 3328 786 3387 natitilalis
801 3343 856 3386 non
878 3324 1107 3399 apprehendens,
1161 3350 1243 3407 qulam
1262 3344 1289 3391 et
1309 3334 1336 3390 in
1350 3350 1402 3408 quq
1419 3334 1445 3391 id
1461 3333 1532 3407 quod
1548 3333 1722 3391 efficiendum
1740 3336 1774 3392 sit
1786 3326 1924 3391 qqtrtirtclnt?

308 3424 476 3497 ussldssnllflffl
491 3424 577 3481 Deum
593 3436 703 3493 semper
722 3421 830 3492 (supple
836 3462 844 3488 ι
860 3418 932 3491 885θ)
946 3419 1107 3491 Ρΐθῆῑθῑῦῖι
1159 3426 1344 3500 Cogitationes
1366 3442 1484 3500 namque
1496 3426 1630 3483 lrumanas
1649 3442 1704 3485 uon
1727 3430 1810 3485 solnm
1827 3420 1923 3498 prestanti

308 3522 371 3595 ntuli
397 3528 493 3577 ollula
516 3533 569 3576 '¹0¹¹
592 3518 680 3586 semla
697 3526 726 3573 ¹¹²
739 3514 856 3589 coepisse
877 3528 939 3573 ⁰⁰¹⁰
960 3512 1109 3586 aliquandi)
1161 3528 1236 3577 motu
1251 3520 1386 3590 incitatas,
1400 3516 1545 3577 sedetiam
1561 3514 1923 3578 instinctuluturnrelnntrt'rs

308 3616 481 3681 eorrdteatur.
497 3614 575 3686 ctrjus
591 3611 719 3669 nativitas
730 3625 811 3667 omne
821 3608 892 3665 initii
906 3618 1013 3680 tempus
1024 3622 1108 3664 esce·
1160 3610 1322 3683 agitandas,
1338 3612 1468 3669 [lominus
1489 3611 1614 3670 Christus
1632 3610 1922 3686 neumasensium·

308 3710 365 3769 dat.
382 3708 436 3767 Sed
450 3724 531 3781 quern
544 3721 653 3779 semper
665 3719 727 3763 esse
741 3713 769 3760 ει
783 3711 847 3759 ante
861 3710 983 3773 tempora
996 3692 1109 3757 canitae·
1162 3704 1224 3762 lists
1239 3713 1357 3763 testante
1373 3724 1380 3760 :
1395 3704 1501 3762 Sciebat
1516 3707 1583 3764 enim
1594 3704 1671 3763 derue
1681 3705 1713 3761 ab
1726 3706 1807 3771 irdtie,
1819 3702 1855 3774 qni
1863 3706 1922 3757 mal

309 3816 364 3871 tur.
380 3812 472 3860 natum
488 3811 578 3859 tamen
594 3803 633 3874 (a)
648 3796 820 3869 intemporali
836 3796 969 3852 latinitate
983 3810 1038 3851 nen
1051 3810 1109 3849 am·
1161 3816 1212 3856 nen
1224 3800 1354 3857 eredentes
1369 3799 1410 3875 (3)
1423 3810 1447 3858 et
1460 3802 1504 3873 qui
1517 3812 1581 3858 erret
1590 3801 1735 3857 traditores
1747 3818 1803 3858 earn
1814 3799 1886 3873 (ten.
1895 3810 1920 3859 n,

308 3898 388 3972 biqit,
399 3912 463 3955 eum
477 3905 568 3953 tameo
581 3893 622 3969 (l)
636 3910 670 3953 ex
683 3890 852 3951 ininitiabilis
865 3890 1050 3964 intelligentiae
1062 3906 1112 3948 aa·
1161 3894 1220 3970 db).
1235 3896 1345 3953 Naturae
1362 3912 1429 3969 erqo
1441 3898 1501 3971 ejus
1522 3898 1622 3967 rinus,
1638 3914 1699 3971 que
1714 3896 1877 3971 cognitionem
1893 3904 1921 3945 rc·

309 3992 415 4052 ιιιιιειε
428 3991 562 4049 contessa.
1160 4003 1222 4044 rum
1244 4004 1299 4045 non
1316 3990 1480 4047 emtantimu
1494 3990 1585 4062 capit,
1606 4001 1634 4047 ει
1655 3990 1846 4063 quiescentium
1859 3983 1918 4039 atta

345 4084 391 4143 58.
410 4083 539 4160 dijicitur
550 4096 639 4141 contra
651 4098 709 4141 earrr
722 4080 850 4156 ipneretia
863 4079 925 4136 diei.
939 4110 975 4120 —
988 4076 1044 4138 Sed
1058 4076 1111 4136 ltoc
1162 4080 1313 4139 animorum
1338 4081 1473 4141 subituras
1502 4082 1706 4156 inquietudines
1720 4098 1774 4141 nou
1795 4070 1920 4156 ignoranti

361 4230 387 4291 tl
403 4228 446 4286 Ea
454 4227 598 4285 initiabilis.
1163 4228 1202 4279 erl
1215 4221 1384 4293 ιειειιεειιιιε.

357 4294 386 4373 ι)
400 4298 479 4360 Prius
490 4300 601 4372 quidem
615 4296 756 4369 legebatur
768 4294 795 4351 in
808 4294 902 4352 codice
912 4292 1027 4360 lieren,
1041 4291 1111 4364 qnod
1198 4295 1241 4367 (5)
1256 4294 1357 4367 thair
1366 4304 1441 4354 reret.
1973 4305 1974 4344 ι

309 4372 468 4444 uterium:
482 4371 531 4429 scd
544 4368 663 4427 secunda
687 4366 954 4425 manuemendatum
970 4364 1030 4432 init,
1045 4363 1114 4436 qnod

312 4508 521 4641 rnaiton
535 4501 1114 4651 ιιιιιι.ιιιιιιιιιιιιιιι
1166 4500 1556 4647 clerinomiae
1565 4500 1925 4645 tricennarium

312 4656 410 4727 lips,
434 4668 466 4709 ee
488 4649 631 4707 initiabilis.
662 4646 808 4729 Sequimur
830 4660 896 4701 mss.
921 4612 1400 4727 Nonambiqithnidemomnia,
1424 4646 1472 4701 sed
1501 4658 1577 4700 suam
1601 4644 1637 4698 de
1658 4642 1798 4699 nonrmllis
1820 4636 1925 4695 dnrrnunt
1973 4675 1974 4702 ,

202 4774 205 4779 .
312 4726 391 4792 iides,
408 4734 495 4781 natum
509 4721 673 4787 intemporali
688 4727 841 4784 narrandae,
856 4732 936 4788 quern
958 4723 1115 4771 sectantum
1166 4718 1306 4775 seientiam
1319 4718 1489 4773 meratenam
1503 4715 1578 4773 lecit.
1592 4705 1925 4773 neefflqquqnnn·
1973 4713 1974 4742 ι

312 4802 345 4855 ab
355 4809 462 4865 eterno,
471 4796 630 4853 antitistem
639 4791 755 4847 uidelicet
765 4800 910 4860 eapaterna
920 4787 1115 4870 aeternitatem·
1166 4806 1282 4859 remque,
1295 4806 1349 4845 nnn
1362 4789 1493 4861 maiorem
1509 4800 1624 4858 partem,
1638 4788 1686 4844 sed
1698 4786 1832 4843 indelinite
1841 4782 1924 4849 aliquan
1973 4747 1974 4830 l

313 4883 433 4935 mentem,
451 4879 479 4925 ut
489 4868 588 4924 dieitur
602 4864 650 4920 lib.
667 4879 704 4928 rr,
721 4878 749 4917 ιι.
765 4860 792 4918 6.
810 4862 878 4916 Eum
895 4871 976 4916 cuam
988 4874 1022 4914 ee
1035 4859 1117 4939 intar-
1167 4862 1301 4931 signidem
1313 4878 1321 4915 t
1334 4874 1388 4933 qua
1401 4860 1579 4932 intelligentta
1592 4860 1653 4914 eliis
1667 4860 1750 4915 ettam
1766 4840 1925 4915 marinensi

314 4942 412 4999 tiabilis
430 4939 605 5023 inteliiqentie
625 4936 756 4991 natiuitate
777 4933 931 4999 mutiletur,
952 4939 1046 4999 utpote
1065 4930 1117 4982 mi·
1166 4937 1284 4990 marinae
1295 4932 1427 5004 Gregorio
1438 4931 1520 5003 Papae
1533 4930 1668 4988 familiare
1680 4940 1734 4988 εει.

314 5016 378 5071 tium
392 5013 533 5068 natiuitatis
545 5026 595 5066 non
606 5004 813 5079 apprehendens,
828 5015 857 5059 ιιι
871 5006 995 5074 proxime
1007 4999 1117 5057 diceba·
1204 5024 1243 5101 (a)
1258 5028 1336 5097 Apud
1350 5026 1416 5083 gad·
1428 5035 1456 5082 e,
1468 5024 1529 5091 Er„
1540 5023 1726 5079 „oum-m
1739 5021 1768 5077 qn
1779 5034 1831 5078 ,mo
1841 5030 1883 5074 ms·
1894 5008 1927 5065 qq

313 5094 383 5172 ²¹¹!st
397 5086 497 5142 clam
517 5091 607 5139 ΜΨ]
629 5080 676 5135 Ιώ·
699 5093 751 5161 ¹¹¹⁹.
769 5093 797 5131 ¹¹·
814 5076 849 5159 3¹.
860 5118 877 5158 ι.
890 5075 953 5159 (ΜΡ
973 5073 1069 5146 ⁸in
1083 5073 1116 5126 ὼ
1168 5098 1213 5157 tic.
1228 5109 1256 5155 ει
1269 5100 1356 5155 altero
1368 5098 1498 5165 stirpen,
1513 5112 1564 5151 non
1581 5096 1678 5151 neseiat
1692 5106 1716 5150 et
1726 5089 1892 5168 appretientur.

312 5158 385 5216 Frlre
402 5172 473 5213 mem
490 5163 619 5213 retroacte
636 5150 806 5215 ramulum,
822 5147 889 5203 nibil
903 5146 976 5202 alred
996 5152 1115 5201 εετιιιιιιι-

313 5232 346 5289 tie
360 5229 458 5295 marai,
475 5242 552 5300 quum
565 5234 655 5281 netum
668 5236 724 5278 erse
735 5230 760 5278 et
769 5235 871 5292 seraper
881 5234 946 5285 erre,
959 5232 1059 5290 semper
1069 5232 1114 5272 ae-
1168 5282 1177 5293 Ι
1204 5211 1241 5285 (e)
1253 5214 1312 5269 buo
1326 5225 1392 5267 nass.
1405 5210 1484 5268 Colb.
1499 5209 1679 5277 cumdium,
1692 5197 1926 5265 contemnamini

313 5313 411 5361 ειιιιει.
1166 5286 1237 5355 apud
1252 5283 1332 5351 bad,
1347 5283 1382 5338 ed
1394 5283 1422 5337 id
1433 5282 1502 5353 qaod
1516 5292 1554 5337 est
1564 5282 1674 5337 exterior
1686 5281 1795 5353 eritque,
1807 5280 1831 5333 in
1843 5288 1887 5331 uno
1896 5282 1926 5322 cr

351 5376 391 5447 (b)
403 5372 463 5431 Vat.
477 5372 716 5437 bas.ms.,renrern
725 5362 866 5419 eemrrmnir
874 5360 965 5429 indicii
975 5361 1114 5432 interreqe,
1167 5357 1228 5413 dice
1238 5356 1336 5423 tarta,
1351 5354 1421 5411 Tell.
1430 5366 1456 5410 et
1469 5352 1561 5419 lind„
1576 5352 1610 5407 ad
1623 5352 1652 5407 id
1664 5353 1732 5421 qnod
1746 5360 1784 5408 eet
1794 5346 1926 5409 etulerint:

333 5447 377 5503 uid
399 5442 560 5502 sortiendum
584 5450 620 5497 ert
646 5436 812 5509 :glossema
837 5436 963 5502 subolet,
992 5435 1062 5489 sicut
1087 5440 1115 5487 ει
1168 5429 1195 5486 iu
1208 5428 1346 5495 sorbonn,
1360 5433 1394 5481 art
1407 5426 1435 5481 id
1454 5425 1523 5500 quad
1542 5437 1580 5480 ert
1598 5426 1776 5495 arenosaque
1795 5440 1803 5475 :
1820 5414 1926 5501 rra-errant⁴

314 5464 422 5577 itnrtn.
434 5518 460 5574 in
477 5531 531 5589 quo
544 5515 652 5585 legitur,
666 5510 797 5577 interrapa
811 5524 845 5563 an
859 5506 1017 5562 sentiendam
1029 5513 1076 5559 εει.
1168 5500 1225 5557 Ιιεε
1239 5502 1326 5572 ipsum
1340 5506 1531 5569 argumentum
1546 5498 1587 5552 sic
1604 5496 1696 5565 paucis
1710 5494 1856 5571 perstringit
1865 5496 1887 5541 et
1896 5494 1925 5535 ct·

351 5590 388 5661 (c)
406 5589 523 5655 literni,
540 5587 648 5643 scientia
669 5598 699 5638 ea
722 5578 807 5648 etiarn,
828 5580 930 5636 omisso
943 5578 1021 5650 ejas,
1041 5574 1115 5647 quod
1166 5572 1248 5644 plicat
1268 5571 1385 5644 cyrillus
1397 5569 1444 5625 lib.
1460 5568 1592 5625 Tiresauri
1608 5566 1753 5639 paqdlil:
1769 5556 1925 5641 Prapnrnlol

314 5663 400 5734 probe
423 5660 553 5719 exhibent
574 5673 640 5713 nrss.
662 5650 786 5711 otntstns
808 5662 837 5707 ut
860 5666 941 5707 causa
961 5649 1114 5718 generalis,
1173 5644 1265 5709 Verba,
1278 5654 1406 5715 maternus
1425 5640 1602 5707 vertumni,
1615 5655 1689 5695 nmse
1701 5629 1924 5707 earenqacdn‘l

315 5732 439 5807 proxime
459 5732 576 5788 narretur
588 5728 623 5784 ad
643 5727 672 5783 id
684 5724 752 5799 quod
773 5732 831 5779 sunt
846 5732 921 5795 atque
938 5729 1012 5777 ετιιιιι
1027 5730 1116 5775 auctor
1166 5717 1270 5772 condita
1283 5725 1343 5770 runt
1356 5714 1485 5786 principia
1497 5722 1520 5769 et
1534 5713 1608 5781 liner.
1627 5710 1714 5767 Uener
1725 5725 1782 5767 cera
1792 5716 1876 5767 cerua,
1887 5702 1924 5761 qne

315 5812 436 5861 assertus
449 5810 493 5860 εει
508 5819 515 5856 :
532 5802 575 5859 tric
591 5815 654 5857 rere
668 5810 699 5855 ut
718 5808 800 5853 causa
816 5792 998 5868 particularis,
1015 5805 1115 5862 appre·
1167 5787 1199 5843 ab
1213 5789 1270 5861 ipsa
1283 5786 1388 5842 cerreta
1399 5796 1476 5855 rent,
1493 5793 1530 5841 ert
1542 5792 1643 5868 tempas
1662 5791 1710 5839 :et
1728 5782 1772 5855 qui
1784 5788 1870 5849 eaput
1880 5778 1923 5823 rat·

318 5875 436 5935 bendere
456 5873 556 5931 dicitur
576 5886 636 5945 quae
657 5882 738 5945 neque
757 5866 784 5925 in
800 5885 828 5926 se
843 5884 922 5942 neqne
943 5879 988 5938 per
1006 5864 1116 5935 serint,
1168 5860 1245 5929 didit,
1259 5874 1337 5931 quarn
1350 5858 1396 5915 diu
1409 5858 1563 5915 duraturam
1576 5856 1700 5912 rrtnauit.
