4017 6317
70 350 118 411 lta
656 342 795 403 eiectat
809 340 916 402 rastri
935 342 1131 406 PRAEFd'l'iO.
1653 342 1708 402 did

69 461 160 533 insigni
175 458 290 517 trundum
305 458 377 516 edito
394 458 547 516 didicimus.
568 458 693 531 Quisquis
708 466 798 514 autent
812 454 854 512 rel
870 456 895 518 Α
909 456 1085 529 abnegatione
1109 461 1189 519 rerba
1214 462 1316 521 sarciens
1336 462 1444 537 egregie
1464 464 1569 531 scribit,
1589 482 1599 517 ι
1617 462 1706 521 Etiam

70 558 210 615 llestitutus
223 554 268 611 ille
284 554 384 623 tuerit,
401 554 445 611 uel
456 554 546 611 crateri
559 568 620 611 eum
636 568 669 611 eo
679 552 713 610 ad
736 552 857 624 impera-
909 548 999 622 lapsus
1011 561 1165 612 sasimorum
1185 556 1260 614 utilis
1274 565 1334 614 cst:
1349 557 1414 614 nibil
1429 557 1494 614 mibi
1518 558 1611 616 nocuit
1635 558 1708 629 quod

72 662 150 706 trirern
173 664 188 705 a
208 648 312 721 synodo
334 647 470 721 delegati,
492 648 570 719 plane
596 648 689 720 quales
713 662 727 700 a
752 646 857 703 Serere
909 643 1136 715 negatitPetrus.
1150 650 1249 721 proluit
1260 652 1333 722 quod
1342 650 1514 709 emendarit:
1529 653 1610 709 didici
1622 653 1710 711 ritate

69 744 121 815 (ιιι.
136 756 154 797 ιι
171 740 238 796 llial.
252 738 332 812 socr.)
346 738 473 812 descripti
491 750 572 808 sunt,
588 754 648 797 sese
670 738 858 795 adulescentes
909 736 1043 809 colloquia
1054 740 1227 809 perfidorum.
1245 744 1395 818 uldaricus.
1405 745 1450 801 lib.
1464 764 1478 802 x
1490 744 1592 802 indae.
1605 762 1633 802 a.
1648 744 1710 819 89.)

69 848 157 907 parunt
169 834 272 901 doctos,
289 848 434 905 parumque
445 842 538 889 cautos
552 833 618 889 satis
635 844 770 903 superque
792 842 857 902 pro·
909 829 982 887 idern
994 834 1161 893 auctoralibi
1179 848 1272 895 monet
1291 842 1476 899 adversarium
1488 850 1598 899 sanctos
1617 841 1645 897 irr
1659 857 1709 897 soa

68 928 199 994 diderunt,
211 924 399 983 commandati
412 926 480 983 ilites
491 924 685 998 praetergressi,
697 926 780 980 immo
793 938 859 979 cotr-
910 922 1006 981 damna
1025 936 1127 986 tentare
1137 928 1281 1003 aliquando
1295 934 1364 1006 cogi.
1384 955 1394 989 ι
1412 936 1480 993 bum
1492 936 1566 994 enirn
1581 944 1678 1005 tentat,
1695 956 1705 991 r

70 1034 106 1081 tta
120 1027 206 1096 ipsum
229 1022 405 1088 maurusium,
431 1038 465 1079 ne
486 1036 541 1094 quo
567 1020 648 1077 modo
668 1034 729 1077 com
750 1019 858 1094 Arianis
910 1020 1058 1094 subjungit,
1075 1041 1084 1075 ι
1103 1024 1229 1082 meliores
1240 1027 1338 1095 reddit,
1363 1039 1392 1086 ut
1417 1030 1462 1100 qui
1481 1036 1600 1088 tentatur
1625 1031 1711 1103 possit

66 1116 280 1174 exterminationem
296 1114 405 1177 inirent.
421 1122 480 1170 acta
492 1114 579 1185 ipsius
601 1112 709 1187 synodi,
732 1112 859 1169 admissis
911 1116 979 1173 alios
993 1117 1147 1187 instituere,
1159 1120 1204 1191 qui
1219 1118 1270 1175 sibi
1285 1121 1336 1191 ipsi
1347 1119 1481 1179 irrralidus
1493 1124 1644 1181 ridebatur.
1660 1124 1710 1179 [ie-

67 1214 91 1267 in
102 1210 318 1267 coimmuniorrcm
335 1225 403 1283 quos
419 1208 462 1266 itia
474 1209 605 1283 rejecerat
617 1207 764 1278 hereticis,
777 1208 860 1264 resci-
911 1209 993 1287 nique
1007 1208 1104 1267 Petrus
1114 1209 1242 1267 Ecclesiae
1258 1214 1438 1283 praeponitur,
1465 1228 1606 1288 postquam
1621 1232 1636 1271 a
1651 1216 1708 1272 dia·

65 1302 172 1360 derunt.
911 1300 975 1359 bolo
991 1305 1171 1361 tentatusest.
1190 1306 1199 1359 i
1215 1304 1253 1362 lta
1266 1322 1319 1362 noir
1342 1307 1431 1363 solum
1456 1310 1528 1379 aliis,
1552 1310 1601 1367 sed
1628 1312 1710 1368 etlam

99 1398 142 1455 be.
160 1397 228 1453 Dum
243 1396 301 1455 baec
313 1406 403 1455 aotcra
418 1396 445 1453 in
460 1394 577 1454 'lltracia
594 1404 735 1469 geruntur,
756 1396 859 1453 interca
912 1396 944 1453 iis
955 1398 1000 1471 qui
1017 1398 1061 1455 itia
1071 1400 1252 1468 committunt,
1267 1410 1297 1457 ιιι
1313 1416 1362 1458 sua
1374 1411 1484 1473 peecata
1507 1402 1577 1461 bene
1600 1404 1710 1474 cedant,

64 1492 115 1548 loci
135 1493 180 1564 qni
201 1490 352 1551 Ariminum
381 1498 579 1559 conuenerant,
607 1498 660 1547 tant
689 1501 771 1549 rectos
797 1488 859 1547 ddei
910 1491 1044 1549 immensa
1058 1492 1105 1550 bet
1128 1492 1382 1565 benignitaseldett.
1404 1494 1468 1552 tiae
1490 1496 1565 1554 eninr
1587 1507 1661 1566 sant,
1677 1496 1712 1554 ad

67 1602 144 1657 quam
161 1584 269 1642 Ariana.
281 1582 401 1658 porlidiae
414 1585 546 1657 episcopi,
570 1582 720 1655 legatorum
749 1596 860 1640 suorum
912 1597 972 1652 qum
985 1584 1190 1641 monslrumana
1206 1586 1357 1657 pertingere
1370 1600 1423 1643 trort
1436 1593 1526 1658 potest
1537 1587 1636 1646 dirime
1651 1606 1711 1661 pro-

62 1680 178 1737 ceditum
192 1688 350 1753 exspectare
363 1678 430 1752 jussi
445 1676 699 1749 alauropruieeto
721 1676 859 1749 pretorio,
912 1672 1040 1731 ridentire
1067 1676 1209 1742 retinacula.
1224 1676 1313 1733 omnia
1337 1677 1388 1747 piis
1409 1677 1479 1735 bene
1502 1687 1610 1737 uertere
1625 1696 1658 1735 :r
1687 1688 1715 1737 et

62 1776 103 1833 cui
119 1774 268 1847 injuncium
286 1773 384 1844 lucrat,
407 1790 442 1832 ae
465 1774 596 1831 collectos
621 1780 683 1829 ante
712 1771 862 1828 dimitteret
913 1767 985 1839 qnod
1001 1766 1035 1824 ab
1054 1769 1190 1841 assignata
1206 1768 1311 1825 ordinis
1334 1770 1438 1828 ratione
1461 1770 1637 1841 discesserit,
1661 1773 1714 1831 boc

61 1886 141 1943 qinein
158 1870 185 1927 ln
198 1884 279 1926 tenant
292 1865 370 1926 ttdem
386 1868 583 1935 convenirem
609 1864 646 1924 ibt
671 1860 774 1923 somnia
798 1880 859 1923 enan
877 1862 898 1924 B
913 1858 985 1917 idem
1010 1860 1074 1920 licet
1095 1863 1122 1919 in
1136 1858 1219 1918 aliurn
1236 1869 1327 1921 iatrtren
1356 1864 1479 1921 ordinem
1504 1864 1656 1923 reducere:
1681 1884 1716 1923 nc

61 1962 185 2021 molestia
199 1978 231 2020 ac
246 1958 325 2020 tedio
340 1960 507 2019 detinemur.
523 1960 612 2029 Quare
624 1958 721 2016 litteris
746 1966 861 2030 utraque
913 1954 977 2027 quid
993 1954 1020 2010 itt
1036 1968 1119 2027 regno
1132 1955 1308 2027 procidentis
1324 1955 1405 2015 liceat
1418 1960 1575 2017 temeritati.
1594 1980 1604 2015 i
1625 1961 1715 2031 Quare

60 2072 123 2127 pars
135 2054 277 2128 sigillatim
293 2054 482 2124 imperatorem
508 2050 687 2109 obnixissime
712 2059 787 2122 rogat
813 2050 862 2106 ob·
914 2048 1135 2107 nentinldubium
1148 2066 1208 2109 esse
1218 2051 1299 2109 debet
1308 2053 1372 2124 quin
1388 2064 1546 2111 renovatum
1563 2054 1590 2110 ιιι
1604 2054 1715 2112 Liberio

60 2160 243 2223 testaturque,
257 2150 365 2223 qnando
379 2148 489 2222 quidem
501 2148 590 2206 biems
604 2150 729 2216 itrstarel,
751 2162 785 2204 nc
802 2160 863 2217 per·
914 2142 1045 2201 Pontidius
1057 2144 1130 2202 Petri
1144 2160 1305 2203 successore
1319 2144 1410 2215 luerit,
1424 2146 1496 2219 quod
1509 2146 1623 2218 Optatus
1636 2146 1714 2204 blite-

59 2245 184 2300 mitteret
199 2258 281 2299 sones
292 2250 342 2298 cla
359 2244 415 2298 suis
428 2242 538 2299 sedibus
548 2240 628 2313 longe
638 2238 760 2307 dissitos,
776 2238 864 2295 indii·
914 2238 1022 2294 ritanus
1033 2234 1232 2309 ettiugostintts
1242 2238 1420 2296 observarunt
1436 2282 1443 2307 ,
1459 2238 1550 2295 diuina
1567 2238 1715 2310 prouiden-

59 2338 210 2393 dcillimam
223 2344 409 2407 tempestatem
423 2332 536 2405 dillerri,
549 2332 595 2389 sed
609 2332 813 2405 quamprimum
830 2330 863 2387 ad
917 2332 1099 2398 tiacliectum,
1114 2341 1143 2387 ut
1158 2331 1228 2388 idem
1244 2332 1289 2388 ilie
1299 2334 1446 2403 Apostolus
1461 2342 1581 2405 negaret,
1593 2330 1639 2405 qui
1660 2332 1716 2391 ela-

56 2447 120 2487 suas
136 2430 268 2486 civitates
283 2428 381 2485 rorerti
393 2426 565 2484 concederet.
579 2424 670 2481 Recte
686 2422 748 2480 lldei
758 2424 865 2509 episco-

57 2538 153 2596 por-unt
167 2522 314 2595 epistolam
325 2524 452 2579 Socrates
465 2518 522 2597 (lib.
537 2534 554 2575 tt
569 2536 592 2574 c.
605 2516 651 2600 bl)¹
663 2518 745 2573 ltabet
762 2532 768 2571 :
784 2516 864 2571 bria·

55 2634 155 2674 norum
172 2618 227 2673 sub
244 2616 352 2672 norrritre
363 2614 458 2687 synodi
478 2612 657 2669 Ariminensis
682 2606 865 2667 Orientalibus

54 2712 261 2770 consentientis
274 2710 331 2766 bec
348 2709 472 2765 collectio
487 2707 598 2763 exhibet
619 2704 740 2780 (Fruges.
758 2703 808 2773 tr).

89 2806 136 2863 53.
154 2805 310 2877 lncigaium
331 2804 443 2859 riserunt
478 2800 567 2869 inrisus
585 2799 692 2855 ltr'storitt
719 2815 769 2854 nott
796 2796 864 2854 silet.

52 2900 91 2955 lis
103 2898 270 2970 querendoque
283 2895 345 2951 berre
369 2900 480 2951 certant.
500 2892 597 2949 Liberil
617 2892 762 2964 exemplum
798 2888 865 2964 (Au-

49 3006 121 3068 gust.
138 2994 173 3050 dc
184 2994 281 3065 Aquae
293 2990 398 3047 Cirristl.
414 2986 646 3061 eddi—Caetera
661 3000 721 3058 quac
738 2985 866 3053 deinceps

50 3090 76 3143 in
91 3106 125 3145 co
147 3088 353 3160 ni·gotlogcs·rt
374 3092 447 3151 strui,
474 3081 732 3155 qnetrtqneerimnr
757 3076 865 3134 tantem

50 3182 230 3247 inuenerint,
247 3174 464 3251 quandewg
484 3174 593 3248 quidem
615 3188 694 3245 supra
708 3170 867 3244 perstrinxi-

916 2440 963 2482 res
987 2435 1147 2496 accepturus
1163 2436 1246 2492 esset,
1259 2440 1313 2498 quo
1328 2426 1452 2485 Ecclesia
1471 2427 1615 2495 cutlrolica,
1637 2428 1716 2500 cujus

916 2519 975 2591 ipse
988 2532 1131 2591 personant
1144 2520 1265 2592 gerebat,
1282 2519 1399 2579 disceret
1410 2532 1546 2593 tamquam
1560 2541 1569 2575 ι
1585 2538 1649 2579 uera
1659 2538 1717 2579 mu-

917 2620 1019 2668 terneo
1032 2611 1203 2681 peccantibus
1220 2612 1560 2685 dliissttperbcitrsultare,
1583 2629 1633 2671 trec
1654 2629 1718 2672 cor-

917 2705 1119 2762 rectisdildeile
1130 2702 1376 2780 ignoscere(ldem,
1391 2708 1479 2780 leid),
1493 2726 1503 2761 t
1519 2706 1662 2781 ipsumque
1674 2707 1720 2764 Li-

918 2798 1024 2853 lterium
1039 2794 1074 2862 ad
1089 2806 1195 2869 tempus
1207 2800 1259 2856 labi
1275 2800 1448 2872 permissum,
1463 2808 1494 2857 ut
1517 2816 1551 2857 ex
1571 2814 1621 2858 suo
1642 2802 1719 2873 lapsu

919 2886 1045 2946 acriorae
1053 2888 1180 2947 tortiorirr
1190 2891 1314 2947 heresim
1322 2902 1474 2965 resurgeret
1486 2910 1492 2947 :
1504 2894 1564 2949 etin
1580 2892 1717 2965 preniten-

920 2991 960 3036 tes
973 2982 1126 3053 revertique
1141 2982 1284 3055 cupietttes
1301 2984 1499 3043 elementiorac
1510 2985 1596 3042 renlae
1609 2986 1720 3058 pronior

919 3076 1064 3132 exsisteret
1077 3095 1084 3133 :
1099 3076 1219 3149 itemque
1235 3079 1288 3135 Ιιιι
1299 3075 1396 3135 Ιιιιιιιι
1410 3080 1603 3152 consignatum
1612 3080 1646 3137 ad
1662 3081 1721 3138 lrrec

920 3180 1006 3240 usque
1017 3176 1138 3242 tempora
1153 3171 1207 3228 illis
1218 3170 1386 3244 temporibus
1398 3188 1451 3230 nttn
1461 3172 1574 3231 multum
1585 3174 1720 3233 absimilia

48 3292 110 3333 triers
130 3319 138 3341 ,
155 3286 185 3331 et
203 3273 346 3331 lttsissime
361 3270 393 3326 ab
405 3267 565 3334 tltlranasio,
584 3267 750 3338 ilicronpmo
770 3274 864 3321 crimea
878 3258 902 3327 C
918 3264 1092 3341 perductum,
1108 3268 1193 3342 utqui
1203 3278 1284 3339 sterit,
1295 3270 1358 3327 inde
1369 3271 1420 3327 sibi
1433 3272 1528 3329 tinxere
1540 3270 1657 3339 discant,
1669 3288 1721 3330 nec

46 3370 261 3436 Lucileriarros,
279 3373 306 3424 ct
320 3366 438 3438 Sulpicio
448 3362 549 3421 Seuero
565 3370 725 3435 pertractata
736 3368 809 3429 sunt,
822 3358 866 3416 bic
919 3358 1096 3417 redeuntibus
1110 3362 1143 3418 ad
1158 3362 1306 3420 Ecclesiam
1316 3360 1521 3422 sedidlclliorcs
1535 3364 1682 3436 prebeant.

45 3466 226 3538 stilijungere
243 3459 411 3532 superliunnr
427 3468 478 3516 est.
494 3456 578 3515 Nobis
599 3456 671 3513 eninr
693 3452 866 3511 solummodo
954 3454 999 3511 ot.
1029 3455 1086 3512 Οιιὶ
1099 3468 1124 3513 er
1133 3452 1248 3528 Luciferi
1275 3472 1350 3515 carris
1366 3499 1373 3511 .
1388 3489 1424 3500 -
1439 3456 1493 3515 lie‘c
1517 3459 1630 3515 trrinoris
1653 3472 1721 3516 sanc

46 3576 76 3615 ca
93 3568 236 3627 tractare,
253 3569 315 3628 quse
331 3552 419 3610 lacere
431 3552 464 3608 ad
481 3551 677 3607 connexionem
707 3549 865 3605 illustratio·
919 3549 962 3606 rel
972 3549 1176 3621 speculationis,
1199 3552 1240 3609 rel
1262 3550 1416 3609 documenti
1429 3554 1580 3627 tragilitatis
1595 3554 1722 3613 liumanre

43 3668 171 3727 nenrqne
190 3652 295 3708 borum
317 3645 540 3715 Fragmentorrnn
563 3644 733 3711 ridebantur,
759 3644 866 3700 animus

42 3748 104 3805 tuit.
124 3748 155 3803 ln
172 3744 282 3817 quibus
299 3743 379 3798 etiam
395 3754 501 3805 uereor,
514 3754 547 3795 ne
558 3738 643 3795 nimio
656 3738 732 3811 pittra
753 3737 865 3807 dixisse,

40 3843 249 3915 tragicumque
276 3834 350 3893 illurn
368 3834 581 3891 exsecrationem
604 3828 672 3890 ’ὄλοιο
687 3832 780 3894 θνητῶν
802 3834 865 3889 cai-

39 3938 123 4012 λέγων
152 3934 207 3997 τὰς
238 3933 390 4009 συμφορὰς,
414 3930 440 3983 in
465 3940 507 3983 rue
523 3924 673 3984 concitasse
697 3926 799 3989 titlear,
821 3925 866 3995 qui

36 4032 284 4090 venerandorum
300 4024 409 4082 Petrum
421 4020 576 4095 opinionem
592 4034 624 4075 ac
635 4018 743 4085 laniatu,
756 4027 868 4074 cotrtro·

36 4126 151 4181 versiae
174 4132 295 4186 eorum,
317 4116 499 4175 dissensiones
525 4111 770 4183 (deiectionemque,
793 4108 868 4167 reiut

33 4220 165 4276 obducta
184 4214 289 4273 ulcera
316 4226 376 4285 qnae
394 4210 481 4267 ccciiii
506 4208 590 4265 satius
618 4214 687 4275 crat,
713 4199 868 4262 reltieando

33 4314 186 4386 sugillern.
205 4308 317 4367 Verum
329 4322 390 4363 cunr
401 4306 576 4363 historiarum
598 4318 667 4359 unita
679 4302 701 4356 ls
712 4300 746 4356 sit
756 4314 866 4372 scopus,

32 4418 61 4463 ut
81 4410 157 4475 sint,
171 4398 418 4478 quomadmodum
431 4395 602 4471 Tlrncydides
617 4394 724 4467 scriptis
747 4391 867 4463 reliquit,

32 4520 129 4578 κτιμα
146 4504 173 4558 ει
190 4502 241 4556 ἀει
253 4498 423 4573 ξυγκείμενον,
440 4506 473 4549 ex
488 4506 540 4564 equo
560 4490 648 4546 omnis
671 4488 719 4545 aeti
744 4485 868 4543 lioraincs

32 4600 193 4667 utriusque
211 4588 308 4649 laudis
323 4604 355 4646 ac
368 4584 482 4643 fortunar
497 4584 622 4656 exempla
640 4581 814 4653 depromere,
840 4586 891 4641 ct,
908 4586 913 4597 ·

916 3642 1134 3715 iudiciorumque
1161 3646 1314 3702 divinornm
1348 3646 1591 3719 imperscrutabilis
1623 3651 1717 3705 arcani

920 3750 981 3792 sunt
993 3734 1048 3793 listi
1062 3753 1094 3794 ao
1106 3736 1231 3805 Luciferi,
1257 3738 1466 3796 fortissimorum
1485 3740 1626 3797 catlrolicao
1653 3742 1717 3800 ddci

920 3838 1150 3901 propugnatorum
1176 3840 1284 3893 eventa,
1306 3847 1421 3904 quorum
1438 3832 1485 3889 ille
1498 3833 1567 3889 alter
1581 3844 1642 3905 post
1669 3851 1719 3892 no-

922 3922 1002 3978 minis
1025 3922 1165 3979 clrristiani
1194 3923 1394 3980 corrlessioncnr
1419 3926 1470 3983 sub
1502 3916 1720 3997 persecutoribus

921 4018 1077 4073 smtissimis
1102 4016 1322 4074 constantissime
1344 4018 1459 4087 luciam,
1489 4029 1552 4092 post
1572 4020 1721 4079 exhaustos

922 4124 970 4181 pro
982 4107 1063 4185 745
1075 4108 1127 4166 dde
1138 4110 1270 4166 catholica
1291 4123 1385 4168 contra
1408 4112 1534 4170 baeresim
1550 4114 1655 4173 labores
1669 4116 1721 4173 im·

921 4219 1041 4272 morosos,
1055 4203 1239 4276 perfectusque
1260 4206 1417 4277 dignissime
1438 4208 1585 4281 legationes
1610 4210 1718 4282 mullas,

921 4296 958 4355 ita
970 4304 999 4352 ul
1014 4306 1089 4369 paler
1104 4298 1293 4369 episcoporum
1306 4298 1461 4371 baberetur,
1488 4302 1602 4360 nimium
1628 4314 1718 4371 tuanen

922 4390 964 4448 sni
986 4390 1101 4464 sepulcri
1119 4408 1212 4448 atrruns
1233 4390 1346 4465 (dilue,
1361 4394 1406 4451 lib.
1427 4395 1459 4452 dc
1480 4396 1593 4471 Semod,
1617 4418 1644 4456 rt.
1673 4396 1720 4473 st)

923 4484 1721 4564 (centesimrtmenirnannumexcesserat)irtsuprenrarite

923 4578 1005 4637 ssbula
1025 4580 1130 4651 pertitus
1142 4577 1307 4648 deiecisset,
1331 4572 1382 4637 nisi
1403 4581 1540 4639 violentiae
1558 4582 1721 4641 brictiorum

32 4694 63 4748 od
75 4708 111 4749 ea
123 4688 235 4747 varios
252 4682 463 4755 repentinosque
476 4694 564 4745 casus,
575 4672 801 4751 qttibusqtmtidio
815 4674 868 4729 lm-
882 4662 909 4727 D
923 4673 1148 4746 imperatorisque
1167 4676 1246 4731 ruinis
1258 4673 1375 4745 cedenti,
1399 4684 1427 4733 et
1449 4679 1645 4749 approbatione
1664 4675 1721 4737 Sir·

32 4790 176 4859 petimur,
197 4791 376 4851 cormponere
391 4780 490 4848 qneanl
507 4790 513 4830 :
532 4790 584 4831 noa
602 4772 680 4829 rideo
703 4786 752 4829 cnr
777 4769 866 4825 ntitrtts

32 4881 174 4939 militatis
188 4870 380 4931 accommodi
391 4866 692 4927 caelatorumvirorum
704 4866 865 4923 calamitati-

32 4994 91 5049 nrs,
105 4972 241 5033 erratis,¹
258 4974 341 5039 atquc
351 4964 419 5023 adeo
433 4964 580 5023 sceleribus
595 4962 629 5021 ed
644 4978 693 5020 ntis
716 4960 866 5034 perteniat,

31 5072 70 5145 qui
87 5084 126 5127 ea
139 5064 283 5138 tegimus
295 5067 409 5126 tantum,
424 5070 477 5113 nott
492 5054 635 5120 sentimus,
662 5068 741 5126 quarn
757 5068 789 5110 ex
810 5053 866 5107 air·

32 5166 139 5223 utilius
157 5158 318 5223 rebusque
333 5152 460 5223 mactare
472 5151 555 5224 gestis
570 5164 647 5206 :eum
665 5148 747 5206 etiam
762 5146 813 5202 iltis
828 5146 869 5218 ip·

33 5261 73 5328 ts,
91 5256 147 5329 qul
166 5242 377 5309 imbecillitate
389 5242 504 5300 bumana
516 5242 542 5299 in
553 5240 685 5315 eiusmodi
699 5240 870 5297 calamitates

32 5354 219 5413 ncidernnt,
242 5339 577 5396 nonrarobonerertere
602 5336 719 5393 soleant.
742 5334 867 5391 llroesum

34 5450 97 5521 prad
116 5436 315 5501 Herodotum
330 5432 479 5507 παθήματα,
498 5430 636 5507 μαθήματα
649 5427 701 5485 sibi
717 5426 867 5491 exstitisse,

33 5544 219 5611 rfflmoperr
238 5526 273 5587 in
287 5526 398 5583 tbeatris
412 5537 442 5583 se
453 5524 608 5582 infortuniis
619 5523 739 5580 erasisse
757 5522 866 5593 sapien-

32 5652 76 5698 ent
91 5638 242 5707 ingenue
273 5628 452 5693 agnoscentes
472 5617 560 5677 libens
576 5618 763 5691 pretermitlo,
784 5622 813 5671 ut
838 5615 865 5671 in

32 5723 240 5794 eclesiastica
273 5714 434 5770 tractatione
444 5712 590 5785 desumpto
601 5724 633 5768 ex
649 5722 725 5767 sacra
740 5706 867 5775 historia,

32 5840 126 5898 ana
144 5820 290 5875 torosam
305 5806 538 5874 annumerata,
564 5805 688 5876 exemplo
713 5802 802 5861 locunt
828 5800 868 5858 la-

32 5928 105 5982 iam.
126 5918 166 5977 B.
186 5900 369 5970 ambrosios
383 5900 417 5957 de
427 5901 500 5957 Petri
523 5900 705 5973 apostolorum
738 5895 868 5970 coriphaei

921 4770 1033 4825 miensis
1049 4766 1412 4840 bnomoeanorum'pcrddie
1430 4769 1457 4826 itt
1484 4783 1604 4845 preceps
1620 4776 1720 4839 meriti,

921 4862 1012 4921 diuina
1041 4862 1185 4919 clementia
1221 4878 1330 4917 manum
1358 4864 1567 4935 supposuisset:
1592 4866 1662 4922 alter
1688 4866 1721 4921 iis

921 4958 1002 5017 etiam
1014 4956 1149 5030 superior,
1158 4956 1342 5029 quibttsllsius
1349 4970 1478 5024 cesserat,
1489 4968 1550 5031 post
1559 4969 1598 5016 tot
1604 4968 1694 5016 erecta
1712 5000 1720 5026 ,

922 5062 951 5107 ut
963 5050 1118 5123 llieronymi
1130 5051 1210 5108 rerba
1223 5065 1350 5125 usurpem
1361 5048 1485 5125 (Hieron.
1499 5052 1623 5109 aduersus
1642 5046 1722 5107 Luci-

924 5144 999 5218 ιιι),
1015 5144 1048 5200 de
1063 5144 1173 5216 perddia
1189 5144 1322 5202 debellata
1339 5148 1470 5219 troplrrea,
1485 5148 1537 5204 sub
1551 5146 1610 5218 ipso
1623 5148 1719 5203 trium-

923 5238 978 5309 plro
993 5236 1098 5308 abipso
1111 5236 1311 5296 dissensionum
1336 5249 1447 5297 aucttrrc
1470 5248 1623 5310 superatus,
1643 5256 1722 5311 sepa-

923 5343 999 5388 ratus
1011 5332 1046 5389 ab
1071 5332 1190 5389 Ecclesia
1205 5344 1256 5400 est,
1273 5351 1305 5391 ac
1318 5326 1396 5406 plane
1409 5343 1570 5406 prostratus.
1594 5334 1636 5393 ed
1663 5335 1722 5392 [ιιι

922 5426 994 5482 enim
1004 5428 1064 5499 quis
1073 5440 1125 5482 rtotr
1138 5426 1259 5497 protinus
1273 5443 1333 5482 cirin
1345 5426 1458 5498 Tragico
1469 5427 1613 5497 exclamet,

1049 5543 1151 5602 deenen
1161 5548 1231 5606 tir⁸t⁶t
1241 5554 1273 5593 ιιι
1283 5552 1398 5603 wicberte
1408 5553 1475 5604 rives.

1051 5604 1077 5663 b,
1089 5611 1142 5656 steti
1152 5616 1213 5667 opti.

925 5716 953 5767 et
966 5701 1069 5782 aliiecla
1087 5711 1160 5768 orani
1180 5709 1276 5767 liducia
1290 5710 1344 5780 sui,
1360 5710 1475 5768 salutent
1498 5725 1574 5767 suam
1594 5726 1628 5769 er
1646 5708 1717 5782 Apo·

926 5804 988 5861 stoli
1001 5804 1159 5875 prescripto
1172 5797 1232 5859 cuin
1247 5803 1344 5890 timore
1356 5820 1388 5863 ac
1407 5793 1527 5863 tremore
1542 5804 1648 5877 operari
1669 5818 1725 5863 aon
1785 5818 1791 5825 ’

925 5894 1065 5954 ‘condiscat
1081 5891 1167 5969 (raet.
1181 5913 1212 5965 ιι,
1229 5890 1295 5970 teet
