4017 6317
312 326 365 385 ill
919 315 1043 379 slltcu
1061 314 1190 378 nuduli
1210 314 1365 378 sustuli
1900 316 1935 374 ili

313 454 376 497 arim
403 438 431 497 in
453 436 540 495 torma
555 434 603 495 bei
628 442 719 503 esset,
750 446 844 510 quero
868 434 933 508 quid
959 436 1110 493 manserint
1124 436 1149 500 Α
1162 435 1338 506 coimaginari
1348 430 1476 507 potuim
1488 430 1629 505 speeiem?
1648 431 1744 505 imam
1755 431 1828 491 etnim
1847 431 1935 489 lorum

314 542 440 593 utrumne
453 533 479 589 irt
495 540 591 588 nutura
607 531 679 598 Dei,
701 546 762 603 qrtrc
772 530 941 603 siguilicmur
966 532 992 587 in
1015 530 1112 600 gloria,
1164 544 1280 589 neccsse
1292 540 1335 588 est
1347 530 1408 602 ejus
1419 528 1524 595 reddat,
1540 528 1619 600 carius
1629 539 1659 585 et
1670 529 1761 599 imago
1773 536 1826 584 est.
1853 529 1896 595 Qui
1906 544 1936 583 ιι-

320 624 360 699 (4)
376 622 544 697 cloistnslo)
555 622 672 696 Spiritus
688 623 853 691 luerit;cum
865 623 988 695 ingloria
1004 624 1051 681 liei
1066 638 1115 695 pa·
1164 625 1224 681 lunt
1238 634 1330 682 autem
1344 624 1458 681 alterius
1474 623 1585 695 seueris
1605 622 1633 677 io
1646 621 1720 677 Pilio
1743 636 1806 679 esse
1829 631 1936 686 ιιιιιιιιιι,

314 718 362 775 tris
377 715 502 775 Clrristus
516 715 616 785 lesus,
631 715 723 785 idest,
739 718 777 791 (b)
792 717 873 774 bomo
889 727 966 774 natus
980 716 1114 774 exstabit?
1164 719 1332 777 constituant
1352 716 1505 788 cnjmntadi
1520 714 1629 773 Filium·
1644 714 1790 785 imaginem
1803 716 1937 770 esseinria'·

347 809 393 865 47.
415 810 576 877 liemarus,
593 827 646 866 non
659 812 764 867 unicus.
787 841 824 853 -
848 810 934 868 Tenet
946 811 972 868 in
987 811 1115 867 omnibus
1162 811 1230 869 bilis
1244 812 1293 869 [lei
1317 812 1411 870 velint.
1430 811 1509 869 Διιιιε
1533 824 1714 882 corpoream,
1728 819 1757 866 et
1769 809 1937 880 oontempbbi

313 904 409 962 beatus
434 904 582 975 Apostolus
609 902 673 959 lirici
697 904 863 975 euangelium
892 904 1114 962 indemutabilem
1164 905 1240 973 iem,
1264 914 1341 963 etex
1356 906 1424 963 loeis
1442 905 1540 962 inloca
1554 915 1630 961 motu
1643 904 1938 977 incesurquecircuura

312 996 547 1069 praedicationem,
563 994 643 1071 247
659 996 695 1053 itu
709 996 853 1053 Dominum
867 998 961 1055 lesum
975 997 1114 1055 Christum
1164 1000 1247 1070 panti
1276 1000 1449 1058 ilemiuerint
1470 1010 1561 1057 tamen
1575 999 1630 1072 (l),
1651 999 1804 1056 secuudrtm
1821 999 1936 1069 Evangelia

313 1090 398 1147 Deum
410 1090 572 1161 praedicans,
585 1098 614 1146 ιιι
627 1104 715 1161 neque
725 1104 773 1159 per
787 1090 900 1148 alterius
910 1092 1119 1163 generislleum·
1164 1103 1191 1150 et
1205 1094 1366 1165 propbetas,
1386 1102 1416 1151 et
1429 1094 1567 1151 Christum
1589 1093 1717 1164 spiritum
1736 1101 1767 1150 ct
1776 1092 1860 1148 θεειιι
1878 1094 1935 1162 spiri·

314 1182 341 1238 in
355 1182 423 1239 deos
436 1182 504 1239 duos
519 1182 585 1239 ides
608 1182 756 1255 apostolica
769 1183 916 1257 depereat,
940 1199 1028 1258 neque
1042 1186 1116 1243 inse·
1165 1194 1235 1243 lum.
1266 1186 1318 1255 Qui
1330 1186 1446 1261 mci
1463 1187 1692 1244 circumscribent
1705 1186 1901 1257 buucspiritum
1912 1188 1938 1256 lp

316 1276 445 1346 parabilis
466 1291 481 1331 a
495 1274 577 1333 Patre
590 1276 676 1333 Filios
687 1277 760 1334 Deus
779 1278 851 1335 unici
865 1276 902 1352 (c)
921 1292 953 1335 ac
968 1277 1115 1351 singularis
1165 1280 1303 1337 Christum
1319 1281 1491 1337 irrrarabiliet
1503 1282 1640 1351 corporali
1655 1280 1757 1347 modo;
1779 1294 1836 1336 nau
1849 1279 1896 1335 erit
1910 1282 1937 1335 ir-

314 1367 364 1424 llei
381 1368 545 1439 praedicandi
556 1368 726 1427 occasionem
741 1370 850 1441 impiam
864 1371 993 1441 prebeat.
1015 1372 1115 1430 uicena
1165 1374 1283 1431 risibilia
1297 1373 1345 1430 liei
1358 1374 1399 1447 (b)
1412 1373 1501 1446 imago
1514 1388 1676 1447 ctrrporcus,
1694 1389 1747 1431 uec
1757 1372 1886 1430 indefiniti
1899 1387 1939 1443 spe

314 1462 398 1531 enim,
410 1463 436 1519 ire
447 1466 532 1535 farma
546 1462 603 1532 Ilei,
617 1472 641 1519 et
654 1464 683 1519 in
696 1463 780 1535 pluria
791 1462 840 1521 Dei
853 1466 945 1539 patris,
960 1480 1050 1539 neque
1061 1466 1116 1523 dil·
1166 1466 1223 1525 cics
1235 1465 1349 1523 delinita
1363 1466 1528 1523 moderatio.

315 1555 386 1613 lerre
397 1555 499 1625 docuit,
518 1572 606 1629 neque
620 1572 675 1615 non
695 1558 872 1616 exsistentem
886 1574 936 1617 nos
956 1560 1114 1618 existimare
1201 1559 1247 1618 49.
1265 1557 1358 1632 lmapa
1369 1556 1420 1615 liei
1434 1568 1490 1625 eat,
1514 1568 1641 1632 camenas
1653 1560 1678 1617 ei
1690 1559 1788 1616 abiae
1800 1559 1939 1615 astarem·

317 1646 450 1719 permisit.
481 1648 548 1705 llam
563 1651 607 1721 qui
624 1650 650 1707 in
667 1651 753 1708 torma
768 1652 815 1708 liei
837 1662 890 1719 cst,
915 1668 1004 1723 neque
1022 1652 1049 1707 in
1074 1652 1115 1708 al·
1166 1662 1217 1709 tus.
1232 1682 1268 1695 -
1280 1652 1336 1710 Sed
1350 1666 1439 1725 nequae
1451 1653 1584 1709 Dominus
1603 1653 1741 1711 incertum
1753 1652 1881 1725 reliquit,
1904 1651 1938 1719 liu

315 1752 402 1799 terum
419 1742 502 1799 Deum
519 1744 644 1815 pmtett,
669 1760 759 1817 neutro
784 1745 865 1803 etiam
889 1746 948 1818 ipse
972 1762 1027 1803 non
1043 1747 1115 1803 licus
1165 1764 1207 1803 ase
1217 1747 1292 1815 sidit,
1307 1747 1371 1803 uidit
1382 1756 1408 1801 et
1420 1745 1526 1802 Parrasia
1539 1746 1631 1817 (laon.
1646 1762 1703 1816 ιιι,
1717 1746 1766 1817 ti);
1789 1760 1875 1815 neone
1890 1746 1938 1814 ipo

313 1840 373 1891 est:
388 1832 450 1906 quia
465 1850 516 1892 nec
530 1836 653 1907 separari
668 1845 781 1907 potesta
798 1836 845 1893 liei
857 1837 955 1905 larma,
967 1852 1030 1895 cum
1041 1837 1069 1893 in
1084 1854 1117 1895 ea
1131 1842 1156 1905 ll
1171 1840 1259 1897 stolus
1271 1840 1358 1896 tacrnt
1369 1841 1458 1912 qualis
1472 1847 1562 1904 esset,
1583 1839 1636 1907 Qui
1646 1850 1684 1895 est
1694 1840 1782 1911 imapa
1797 1837 1845 1893 liei
1855 1838 1939 1893 maiuli

315 1929 369 1998 sit;
386 1930 493 2001 neoqni
507 1930 532 1985 in
550 1930 597 1986 liei
612 1940 655 1987 cst
669 1930 765 1999 forma,
793 1945 847 1988 non
860 1930 933 1987 bons
948 1938 999 1988 esi.
1039 1930 1117 1989 Sicut
1168 1936 1201 1992 lis
1220 1934 1333 2007 (Culusa.
1350 1950 1371 2001 t,
1394 1934 1452 2006 45).
1474 1933 1605 1990 uoniam
1628 1934 1705 1990 enim
1723 1933 1841 1997 dixerat,
1864 1932 1892 1987 Si
1906 1947 1939 1985 ιιι

314 2023 359 2094 tpti
382 2023 409 2079 in
432 2025 517 2097 gloria
534 2023 581 2081 liei
595 2033 654 2091 est,
682 2041 737 2082 non
756 2035 845 2099 potest
859 2027 931 2083 aliud
953 2042 1016 2085 csse
1034 2042 1115 2099 unam
1168 2028 1237 2100 [acie
1252 2043 1331 2098 opera
1343 2026 1425 2099 patria
1436 2026 1496 2093 mei,
1517 2026 1674 2081 nalitersilti
1687 2025 1795 2081 credam
1808 2023 1892 2095 (loru.
1903 2040 1938 2087 m,

315 2116 387 2173 Deus
406 2125 466 2185 sst;
487 2128 515 2174 et
530 2116 595 2173 dum
616 2118 643 2175 in
666 2118 751 2191 gloria
767 2118 815 2176 liei
831 2120 902 2177 Deras
919 2129 978 2188 est,
1003 2122 1124 2178 alterius·
1168 2122 1202 2178 ot
1219 2124 1249 2195 l,
1271 2122 1336 2177 ltine
1351 2121 1439 2179 rideri
1450 2123 1477 2177 ia
1492 2137 1523 2178 se
1537 2122 1646 2178 Patrem
1658 2121 1781 2187 doceas,
1801 2120 1872 2191 quod
1883 2134 1939 2190 epm

315 2209 362 2267 bel
376 2218 485 2281 atquea
503 2210 558 2268 lico
573 2210 674 2269 diuersi
688 2228 742 2271 non
766 2212 849 2269 ltabet
875 2214 1114 2285 pradicationem
1168 2214 1229 2285 ejus
1249 2214 1392 2280 elicerem
1417 2224 1446 2270 ιιι
1459 2214 1599 2271 intellecta
1619 2222 1725 2271 naturae
1743 2215 1830 2271 virtus
1846 2223 1938 2269 ιιιιιιιιι

312 2303 375 2375 quia
391 2318 440 2375 por
462 2303 500 2373 id,
521 2304 594 2377 quod
620 2306 747 2378 ingloria
771 2306 818 2364 liei
835 2317 894 2377 est,
911 2324 945 2365 ex
967 2324 1000 2365 co
1020 2310 1047 2365 iu
1067 2324 1116 2365 cu·
1169 2306 1317 2363 intellectae
1339 2306 1447 2363 uirtutis
1466 2307 1640 2374 ostenderet,
1663 2322 1714 2377 per
1737 2306 1811 2375 attod
1824 2305 1939 2376 Apostolus

310 2399 356 2469 jus
370 2397 528 2469 gloriaest,
557 2397 640 2455 habet
663 2398 689 2453 in
705 2412 736 2455 sc
750 2400 875 2457 naturale
888 2399 959 2470 qttad
977 2400 1051 2456 Deus
1063 2410 1115 2457 est.
1168 2399 1239 2456 banc
1251 2400 1395 2471 imaginem
1408 2400 1455 2455 bei
1470 2416 1533 2456 csse
1547 2400 1720 2471 significans,
1740 2399 1791 2468 ait,
1806 2398 1839 2473 (i)
1860 2399 1935 2467 Quiut

349 2488 396 2545 ts.
417 2488 534 2546 Claristus
548 2500 576 2546 ut
587 2490 673 2563 imapa
686 2489 746 2557 Dei,
762 2507 814 2545 nait
828 2490 937 2546 alterius
951 2502 990 2547 est
1004 2505 1115 2549 uaturoe.
1167 2494 1255 2565 imapo
1265 2490 1314 2547 oet
1328 2491 1484 2559 inuisibilis,
1509 2494 1694 2566 prituopcrtitus
1713 2494 1797 2549 amuis
1819 2504 1937 2554 creaura;

314 2610 350 2625 --
364 2579 423 2638 Nou
440 2582 627 2652 periclitatur,
651 2598 700 2654 per
715 2584 805 2652 plures
820 2584 1029 2654 pradicationes
1049 2583 1118 2640 stdes
1168 2586 1229 2658 poia
1248 2586 1276 2639 in
1297 2586 1357 2655 ipsa
1372 2584 1409 2659 (j)
1431 2586 1571 2641 canuitroa
1590 2594 1651 2641 tant
1666 2585 1756 2641 omnia
1769 2586 1798 2640 irt
1817 2587 1885 2641 celis
1898 2583 1939 2639 etia

315 2691 382 2743 utta,
394 2690 429 2732 oe
440 2688 493 2730 una
512 2674 559 2729 sit.
580 2673 752 2747 Evangelista
766 2674 839 2732 enirn
854 2674 956 2733 dictum
970 2692 985 2731 a
1002 2676 1118 2733 Domino
1169 2688 1249 2741 terra,
1263 2677 1374 2733 risibilia
1388 2688 1412 2733 ει
1423 2678 1573 2747 inuisibilia,
1604 2681 1657 2735 aiae
1674 2678 1785 2749 Tbraui,
1802 2681 1854 2736 siue
1867 2678 1940 2734 entra

314 2768 466 2835 docuerat,
490 2766 540 2833 Qui
555 2784 595 2821 me
608 2768 681 2835 uidit,
698 2760 761 2824 ridil
774 2776 798 2825 ει
813 2766 921 2823 Patrem
940 2768 1031 2843 (loun.
1059 2786 1117 2837 xta,
1169 2782 1260 2845 patus,
1272 2772 1325 2827 st‘uc
1336 2769 1502 2838 Palertates,
1518 2773 1571 2829 sire
1583 2772 1799 2841 Dominariauea,
1823 2774 1901 2828 amab
1910 2788 1938 2843 pa

314 2860 355 2935 ti).
386 2861 441 2919 Sed
461 2861 591 2933 numquid
615 2861 711 2918 doctor
730 2863 852 2935 gentium
872 2863 971 2919 Paulus
991 2865 1117 2919 uirtutem
1168 2867 1256 2939 ipsum
1270 2875 1294 2921 ct
1306 2867 1335 2921 in
1347 2868 1522 2937 ipsacaadita
1534 2876 1613 2936 aunt,
1638 2868 1732 2941 etipse
1746 2876 1938 2928 estanteaura.

315 2955 382 3012 dicti
395 2952 526 3011 dominici
539 2963 586 3011 aut
597 2954 741 3026 ignoravit,
758 2963 806 3012 aut
818 2956 911 3023 tacuit,
926 2956 1022 3013 dicens
1040 2974 1048 3012 a
1067 2957 1118 3025 Qui
1169 2968 1194 3013 ει
1207 2961 1293 3013 amatia
1306 2958 1346 3029 ils)
1358 2960 1409 3033 ipsi
1419 2968 1556 3026 conatam,
1579 2968 1604 3015 ει
1622 2958 1680 3030 ipse
1698 2970 1739 3017 est
1755 2970 1833 3031 eaput
1854 2957 1939 3029 arrpuit

278 3056 290 3079 ι
314 3058 353 3105 εει
366 3048 453 3121 iatopa
465 3044 515 3103 bet
529 3046 665 3103 inuisibilis
679 3045 789 3122 (Culusa.
807 3064 826 3115 ι,
842 3045 909 3121 ltili
923 3047 1063 3122 interrogo
1078 3048 1118 3125 (a)
1170 3052 1305 3122 Ecclesia,
1320 3055 1412 3127 quiesi
1427 3055 1540 3121 initium,
1553 3055 1743 3127 primopeaitua
1757 3072 1789 3111 ea
1802 3056 1939 3119 moriniaci

315 3153 406 3199 utrum
426 3139 542 3197 risibilis
568 3139 659 3211 imago
679 3149 724 3196 est
738 3141 882 3197 inuisibilis
896 3142 960 3197 bei:
981 3150 1011 3199 et
1027 3151 1116 3197 utrum
1170 3148 1243 3219 peret
1264 3150 1292 3204 ia
1311 3149 1430 3205 arrtnibus
1449 3150 1506 3221 ipse
1518 3150 1779 3219 primaturntenena5
1797 3149 1938 3221 europa

315 3234 518 3293 induituslleus
533 3232 571 3325 (ε)
589 3248 637 3305 per
645 3232 739 3289 iormar
748 3234 960 3307 circumscriptae
971 3234 1154 3315 imaginemc
1170 3243 1327 3317 camplacuit
1347 3260 1448 3299 onrrtem
1465 3243 1652 3317 plenitudinem
1673 3244 1706 3318 (lp
1720 3246 1854 3316 babitare,
1874 3252 1941 3313 erpa

315 3442 317 3447 ,
353 3376 392 3452 (4)
410 3376 439 3434 ln
454 3376 548 3435 codice
562 3375 663 3433 Veron.
680 3373 821 3461 Gloriatuaa
847 3373 934 3447 prima
947 3390 1042 3445 manu,
1067 3377 1115 3435 scd
1133 3380 1253 3438 secunda
1267 3381 1371 3454 antiqui
1386 3381 1563 3439 amanuensis
1578 3380 1734 3440 emundarit
1744 3381 1850 3441 Cirrirti.

356 3518 395 3591 (a)
416 3518 500 3585 Editi,
521 3515 620 3573 Christi
641 3516 770 3589 spiritus:
794 3516 979 3575 renitentibus
1004 3520 1118 3590 potiori·
1170 3522 1253 3580 Corb.
1270 3522 1399 3581 secundis
1413 3523 1709 3595 curisadjeotumest.
1730 3524 1803 3581 unde
1821 3532 1849 3579 et
1864 3519 1941 3579 iaaliit

315 3590 369 3648 bns
383 3605 450 3647 mss.
471 3590 557 3646 Porro
569 3590 716 3659 opponitnr
728 3586 852 3644 Christus
867 3587 999 3657 Spiritus,
1024 3592 1116 3661 idest,
1171 3596 1301 3652 obtinuit.
1338 3596 1383 3652 liii
1394 3596 1643 3668 alticitadjcctun13
1662 3612 1725 3655 eum
1736 3594 1940 3669 proximorrum

317 3660 406 3734 qualis
421 3660 471 3717 luit
482 3670 546 3718 ante
556 3670 725 3731 assumptum
740 3660 889 3727 bominem,
899 3656 1117 3721 Christoltomini
1172 3677 1228 3734 tur,
1244 3667 1296 3735 Qua
1306 3670 1330 3724 si
1341 3667 1562 3737 circumscribent,
1573 3680 1738 3743 etc.,ncque
1750 3670 1857 3725 omnino
1870 3679 1941 3723 necta

315 3736 371 3807 jam
389 3733 470 3791 lacto.
496 3732 535 3788 lta
558 3731 918 3803 bmcqrteestio,lib.tn,n.
941 3734 990 3790 iu:
1017 3734 1119 3803 Quietis
1173 3740 1341 3809 sirionem,
1368 3741 1693 3813 utliquctesbisnum.
1711 3743 1757 3800 49.
1786 3740 1942 3810 huelem

317 3805 447 3875 anaaratlo
462 3806 604 3860 secundant
619 3803 748 3877 Spiritum
762 3810 838 3858 natus
852 3804 885 3857 sit
901 3802 997 3871 Filius,
1025 3817 1119 3876 aperte
1172 3811 1279 3882 patius,
1301 3828 1376 3882 quum
1388 3822 1490 3868 uaturrc
1503 3814 1591 3885 imapa
1601 3828 1666 3880 esre,
1678 3820 1733 3869 etc.
1747 3812 1788 3868 lix
1807 3814 1895 3882 quibus
1911 3811 1941 3861 ii·

317 3880 466 3950 opponitur
478 3877 539 3933 isti:
574 3874 676 3943 Quarto
689 3875 818 3947 puarnada
831 3876 974 3932 secrrndaro
988 3880 1118 3936 tramittem
1173 3882 1320 3954 telligitnr,
1343 3899 1403 3939 eam
1426 3884 1480 3941 dici
1496 3890 1587 3956 [orante
1596 3884 1736 3958 intapinem
1748 3926 1757 3953 ,
1771 3899 1830 3955 prum
1846 3894 1941 3959 exterus¹

316 3963 393 4007 aetrtr
404 3952 448 4005 sit.
462 3948 508 4005 Sic
519 3947 647 4005 Clemens
658 3946 740 4018 Papa,
752 3948 871 4017 episto,
883 3962 907 4001 a.
926 3956 953 4014 tl,
966 3947 999 4003 Τ.
1018 3966 1027 4005 ι
1044 3950 1117 4007 Con·
1172 3961 1277 4009 tantum
1296 3954 1392 4027 liparae
1413 3958 1534 4027 speciem
1555 3964 1746 4027 representet,
1768 3958 1844 4028 eique
1862 3966 1943 4023 oppout

316 4021 363 4079 cil.
379 4037 408 4094 p.
422 4020 490 4079 isti:
505 4016 732 4085 lesurcioirrar,
754 4018 854 4090 inquit,
879 4018 1010 4077 Dominus
1021 4033 1118 4093 noster,
1171 4025 1309 4097 intapiuent
1325 4037 1433 4082 amarae.

317 4094 361 4167 qui
372 4110 418 4149 aas
432 4094 550 4159 seruauit,
565 4106 624 4148 arom
639 4091 750 4163 primurn
763 4101 828 4147 esset
844 4090 970 4164 Spiritus,
984 4109 1046 4149 caro
1060 4096 1118 4165 lac·
1206 4097 1242 4168 lit
1261 4097 1327 4154 Post
1339 4098 1501 4171 particulam
1515 4108 1615 4165 tamea,
1632 4098 1709 4155 solus
1723 4099 1810 4156 ceder
1819 4097 1892 4153 Cara.
1906 4094 1944 4149 ab

320 4178 362 4222 tus
374 4175 421 4221 est.
1169 4168 1239 4239 licit,
1252 4185 1298 4240 per
1311 4168 1410 4225 Filiam
1423 4173 1531 4226 omnia:
1555 4172 1645 4227 minus
1669 4171 1703 4225 ad
1727 4187 1797 4229 rem.
1815 4169 1942 4241 napum

354 4236 394 4309 (b)
415 4236 443 4292 ln
459 4250 509 4291 ms.
525 4235 583 4292 bas.
596 4234 657 4291 Vnt.
669 4233 840 4291 desideratur
853 4235 928 4291 ideal
937 4236 1033 4293 doato:
1047 4238 1119 4309 apud
1172 4244 1302 4310 proxime
1314 4244 1457 4312 quaestioni
1470 4242 1528 4298 buc
1542 4251 1596 4307 est,
1611 4240 1749 4297 Christum
1767 4258 1819 4300 trau
1830 4256 1879 4298 esse
1894 4254 1942 4294 tut·

319 4310 386 4367 Bad.
401 4316 491 4364 antem
503 4316 531 4363 ει
544 4308 590 4361 Ει.
603 4307 715 4362 uerbum
731 4315 817 4361 uatraa.
839 4305 908 4361 Tum
924 4308 997 4377 lips.
1012 4316 1041 4363 ει
1054 4310 1116 4366 Par.
1172 4326 1282 4383 purcant
1297 4315 1463 4384 imaginem,
1479 4325 1509 4369 ut
1525 4326 1588 4386 pnte
1598 4314 1642 4384 qtni
1656 4315 1770 4386 spiritus
1785 4325 1841 4382 est,
1860 4325 1940 4383 mem·

319 4389 383 4452 post
405 4379 449 4434 Er.
476 4379 616 4433 retinuere
639 4386 769 4433 exstaret:
792 4392 854 4433 rum
879 4382 949 4447 aliud
969 4378 1036 4435 uad.
1048 4392 1076 4437 et
1090 4384 1118 4437 iu
1170 4382 1316 4440 admodum
1333 4387 1404 4442 lletts
1419 4394 1495 4454 pater
1509 4394 1552 4443 est
1565 4386 1690 4457 spiritns.

320 4466 387 4507 mss.
403 4450 563 4506 crincinaius
578 4449 684 4519 legatur
697 4448 817 4511 curabit.
846 4459 875 4503 ut
889 4452 969 4519 paulo
995 4452 1116 4508 antedi·
1207 4455 1248 4528 (p)
1272 4457 1472 4526 Editiexceplu
1493 4458 1556 4513 Par.
1578 4458 1704 4514 otnlttunt
1720 4456 1855 4514 Christum.
1883 4453 1943 4510 'l'am

320 4532 393 4580 ctum
410 4520 582 4577 estinanebit.
605 4520 632 4575 ln
646 4520 803 4575 mensorium
815 4522 998 4577 reuocandum
1012 4540 1045 4579 es
1055 4539 1116 4595 cap.
1169 4528 1240 4597 apud
1255 4528 1330 4599 lips.
1346 4537 1374 4585 et
1387 4529 1450 4585 Par.
1464 4528 1640 4585 substitutum
1654 4537 1696 4585 esi
1708 4532 1823 4603 formali,
1845 4527 1911 4602 proi
1932 4554 1943 4565 ·

321 4596 339 4651 4
353 4596 379 4648 in
391 4592 486 4649 blatttlr.
501 4610 527 4647 n.
545 4592 598 4661 44,
613 4591 684 4663 quod
699 4590 776 4647 lesus
796 4590 909 4647 Domina
924 4605 1012 4649 nostro
1026 4611 1118 4653 nomen
1170 4598 1269 4654 mobili.

320 4680 354 4721 ear
364 4679 471 4735 corpore
481 4673 528 4721 εει.
1205 4670 1246 4744 (lt)
1261 4672 1299 4728 lta
1314 4671 1442 4729 meliores
1460 4686 1527 4728 mss.
1542 4672 1614 4743 quod
1628 4672 1806 4729 coabrmatur
1818 4672 1857 4729 bis
1868 4670 1905 4727 lib.
1916 4684 1940 4731 u.

359 4734 395 4810 (c)
415 4738 559 4808 Exemplar
583 4734 665 4793 Cara.
691 4752 721 4791 uc
743 4736 854 4791 solitarii
873 4732 943 4791 Dei:
966 4736 1038 4794 ltaud
1064 4739 1118 4797 alio
1128 4765 1157 4826 1)
1171 4744 1275 4799 nnm.5
1291 4762 1299 4800 ι
1317 4745 1489 4815 incorporeus
1507 4740 1589 4800 Pater
1604 4756 1668 4801 est:
1686 4746 1711 4800 ai
1725 4744 1811 4801 Filius
1826 4745 1941 4799 uraris·

323 4822 416 4865 sensu.
795 4858 804 4887 ‚
1172 4813 1292 4883 spiritum
1304 4817 1609 4889 uscttmacriptusestcot·
1629 4833 1683 4879 are,
1696 4816 1940 4889 imitarorparo'saa

324 4890 327 4919 1
359 4880 399 4951 (a)
418 4879 497 4963 Apud
513 4879 577 4935 liud.
593 4890 680 4964 otmunt
692 4878 800 4963 risibilis
814 4876 894 4943 Dorta,
904 4888 935 4964 ,ειι
945 4889 1119 4952 utrumme,
1170 4899 1209 4942 εει
1225 4889 1308 4957 [amaa
1321 4904 1470 4961 corporeas.
1491 4890 1526 4943 at
1536 4889 1564 4943 in
1577 4835 1709 4959 tufprtis,
1724 4890 1811 4961 iraapo
1821 4897 1941 4958 corporea:

322 4952 400 5007 lacus
413 4953 533 5006 mutilus.
551 4950 579 5007 ln
594 4952 653 5007 alus
669 4951 746 5018 edre,
763 4963 851 5006 rttrntn
862 4951 968 5007 risibilis
983 4953 1069 5025 itrmpo
1081 4964 1119 5011 eat
1170 4972 1202 5014 uc
1217 4958 1316 5015 deitnle
1329 4958 1403 5030 apud
1417 4958 1504 5023 bad,
1528 4976 1575 5015 trec
1592 4961 1725 5029 indefinite
1740 4963 1835 5029 spectu
1848 4955 1941 5028 lepris

321 5021 456 5079 inuisibilis
470 5021 520 5077 Dei
534 5023 612 5079 Dius.
629 5022 818 5079 Abtttrdatrott
830 5022 908 5092 Deus,
927 5040 1015 5094 acuite
1030 5037 1119 5083 exstat
1169 5030 1333 5097 noluerim·
1360 5041 1388 5087 et
1409 5030 1438 5085 in
1461 5030 1529 5087 coiit.
1553 5034 1626 5101 aliis,
1652 5048 1699 5087 acc
1712 5032 1845 5104 indefinita
1861 5027 1940 5100 spatia

323 5096 350 5150 io
366 5110 430 5151 tnss.
450 5096 512 5149 llaec
526 5096 701 5167 interrogatio
716 5094 804 5162 pulsat
818 5098 944 5163 briareos,
958 5098 1002 5166 qui
1018 5097 1115 5155 Filium
1169 5102 1275 5172 definita
1293 5102 1447 5157 moderatio.

324 5168 395 5222 Patri
423 5165 583 5235 inaequalem
605 5166 667 5219 inde
690 5168 905 5235 argutabantur,
932 5168 1003 5237 tpurrd
1018 5168 1115 5225 Silium
1206 5170 1238 5245 (i)
1263 5176 1398 5244 Aruinnus
1424 5174 1511 5229 codes
1537 5174 1615 5231 Colb.
1636 5190 1668 5229 ac
1693 5175 1789 5233 Cerm.
1813 5167 1937 5246 priorailla

323 5236 1115 5312 visibilem,l‘utromirruisibilemanimolingerent:quo
1167 5244 1259 5309 vet-ba,
1288 5244 1339 5313 Qui
1359 5256 1397 5301 est
1414 5246 1729 5317 imapalieiinriaibilis,
1752 5245 1939 5305 rrooboiertoe.

322 5324 383 5365 rum
404 5324 436 5367 ea
458 5309 493 5364 de
511 5324 541 5365 re
554 5306 648 5363 deliria
664 5306 765 5377 sigillat
787 5308 962 5381 inglorious,
984 5312 1032 5367 lrb.
1044 5327 1062 5367 n
1079 5312 1114 5369 de
1167 5315 1227 5371 aliis
1253 5316 1364 5374 forsitan
1382 5318 1548 5375 sinceriores
1563 5329 1637 5376 sunt.
1657 5316 1712 5376 Sed
1730 5319 1799 5377 nibil
1813 5314 1940 5374 rrocctbaee

323 5380 399 5437 Trin.
412 5396 437 5437 c.
453 5379 504 5445 44,
526 5380 717 5444 desirium,
734 5396 761 5433 n.
775 5380 808 5435 4.
831 5382 885 5437 lloc
906 5397 987 5453 porro
1001 5382 1045 5441 bic
1062 5385 1114 5440 sibi
1167 5387 1292 5455 adjectio.

322 5454 383 5509 uult
394 5463 487 5511 noster
499 5450 634 5508 llilarins:
647 5450 701 5506 llos
711 5450 757 5521 qtri
768 5450 874 5507 Patrem
887 5453 1059 5519 invisibilem,
1073 5454 1116 5511 Fi·
1204 5459 1241 5535 (j)
1260 5460 1291 5516 ln
1303 5475 1355 5517 ms.
1371 5458 1455 5518 Carn.
1471 5462 1516 5517 laic
1529 5477 1578 5532 pra
1592 5463 1819 5530 constitutarum,
1849 5466 1872 5516 et
1884 5469 1937 5510 utut

324 5523 390 5579 lium
405 5524 538 5581 risibilem
554 5522 646 5589 ruitis,
666 5523 805 5593 interrogo
825 5534 913 5579 utrum
927 5528 980 5595 ¹qui
1000 5528 1115 5583 risibilis
1169 5534 1434 5601 pracordialem,
1458 5541 1549 5590 exstat
1569 5543 1735 5590 cremarunt.
1760 5534 1849 5591 Cruor
1862 5528 1938 5599 primo

324 5603 376 5659 est,
403 5596 448 5651 uei
463 5596 604 5651 invisibilis
617 5595 705 5665 imago
718 5610 779 5651 esse
795 5596 888 5666 possit.
1168 5603 1229 5658 loco
1242 5605 1383 5675 prmlertur
1401 5603 1514 5671 inicio,
1533 5606 1619 5663 attero
1637 5602 1762 5663 ἔκτισται.

361 5664 396 5739 (ε)
418 5667 445 5721 ln
471 5666 605 5739 vulgatis,
640 5666 819 5740 perferinam
849 5668 1069 5741 cirurtnttcriptant
1089 5678 1113 5727 et
1202 5672 1239 5747 (ir)
1263 5676 1346 5743 editi,
1372 5678 1469 5747 inipso
1488 5689 1614 5746 coustant,
1633 5677 1739 5735 tanente
1748 5690 1823 5750 prmo.
1838 5676 1860 5729 ia
1873 5668 1936 5739 ιῦτῷ

322 5737 472 5809 inruptum.
509 5738 536 5793 ln
560 5738 673 5795 uetustis
695 5738 895 5809 exemplaribus
905 5736 1000 5808 Colo,
1019 5739 1112 5807 Cara..
1167 5749 1316 5815 amiciam,
1335 5748 1384 5805 sed
1407 5750 1586 5806 renitentibus
1597 5766 1664 5807 nrss.

325 5808 419 5865 Germ.
434 5824 466 5865 ac
475 5808 596 5879 pluribus
607 5810 676 5877 aliis,
693 5826 739 5880 per
751 5814 842 5895 sornam
853 5812 1000 5885 intrepidam,
1013 5811 1114 5871 ombso
1202 5816 1235 5900 (l)
1250 5818 1279 5874 ln
1291 5835 1343 5875 nis.
1358 5817 1442 5875 Cern.
1459 5819 1502 5877 iric
1521 5832 1547 5877 et
1560 5820 1640 5889 inira,
1665 5820 1842 5893 plenitudinem
1854 5810 1936 5868 lirini-
1977 5799 1979 5832 ³

328 5879 411 5939 serbo
426 5880 642 5955 circunscripta:
665 5882 736 5955 quod
750 5898 776 5938 tn
792 5884 898 5941 llartin.
914 5894 1014 5953 exstat,
1031 5894 1059 5942 et
1086 5887 1114 5943 in
1168 5897 1246 5944 tatu.-
1261 5893 1305 5948 cui
1319 5888 1395 5949 ittet
1415 5892 1481 5950 illud
1504 5892 1551 5952 lib.
1566 5909 1610 5966 tn,
1625 5909 1654 5952 n.
1669 5892 1703 5951 45
1720 5888 1806 5962 :Quid
1820 5881 1934 5943 illiade-
