4017 6317
94 352 155 411 sat

567 356 613 412 lix
633 356 749 415 orent:
769 356 951 417 ursaoutco
970 360 1209 423 asseuerauit
1229 364 1273 422 ΙΙΙ.

1703 368 1757 427 ί58

94 472 199 543 patris.
216 470 248 526 ta
258 473 283 527 in
296 470 319 527 F
321 472 392 527 iliata
406 490 494 539 uuam,
511 477 573 547 quin
589 492 658 533 tritus
669 486 711 533 est
725 478 760 535 de
774 487 899 553 utroque,
914 484 940 543 A
953 484 1054 539 stantia
1074 487 1234 542 aeternitatis
1256 487 1391 559 expletur.
1407 488 1485 560 Quod
1500 497 1590 547 aulem
1613 489 1755 555 descendit,

95 562 188 620 Deam
203 584 287 623 aerata
300 566 331 623 de
341 566 393 623 dra
405 585 461 623 uero
473 568 552 627 docet
562 580 588 627 et
602 570 729 627 virtutem
750 579 779 629 et
798 589 902 631 truncu-

97 660 241 731 patiouem
267 658 302 733 (a)
319 661 374 730 pari
399 662 555 735 inutraque
579 665 693 721 rcritate
707 682 900 735 commanem;

96 766 192 821 nentur
214 751 284 806 aliud
307 752 333 807 iu
358 752 413 809 alio
426 755 604 825 opinandum,
621 774 681 813 eam
699 758 817 817 Deuade
834 760 900 829 Deo,

96 852 126 900 et
139 858 222 899 verus
236 844 268 900 de
279 861 343 900 reru
367 847 403 901 sit
426 856 539 921 uterquc
556 867 648 907 annm.
665 852 733 908 lium
745 868 809 911 vero
823 854 859 909 sit
874 854 900 911 in

96 945 217 1005 utroque
239 936 352 1011 (supple,
378 956 473 1007 utrum,
495 943 552 999 scil.
577 960 687 1012 nornen,
704 946 800 1011 virtus,
817 950 898 1021 etc.l;

96 1038 191 1082 uuhtm
206 1044 321 1085 veronen
334 1033 470 1101 [actantad
484 1037 676 1107 proprietatem
691 1051 767 1097 trrtus
779 1050 807 1098 et
821 1044 902 1115 origi·

95 1122 139 1175 uis
150 1122 231 1176 relert
243 1140 250 1176 ε
262 1124 323 1194 quia
336 1124 404 1191 heri,
413 1141 447 1183 ex
458 1129 530 1183 uallo
542 1130 696 1200 suhjaccat;
712 1135 783 1191 nasci
795 1142 897 1205 autera,

94 1212 132 1267 de
157 1221 233 1285 patre
249 1218 404 1288 proprium;
431 1236 520 1293 neque
545 1224 594 1277 alia
620 1228 804 1295 nascentibus,
819 1246 899 1287 nuatu

93 1307 209 1379 originis
221 1325 287 1377 suar,
301 1312 385 1368 lornta
400 1314 442 1371 rel
456 1317 542 1373 virtus
556 1327 607 1374 est.
617 1319 694 1389 Quud
707 1333 796 1379 autem
813 1326 852 1391 ht,
865 1341 899 1381 ex

93 1416 181 1473 opere
193 1404 297 1459 exsistit
311 1413 339 1460 ut
358 1404 415 1463 liat.
443 1408 529 1481 Atque
552 1410 588 1467 ita
611 1428 664 1469 uon
689 1413 792 1471 lactura
815 1418 842 1471 in
866 1432 899 1474 eo

93 1497 179 1567 coepit
204 1514 237 1554 ex
262 1498 363 1567 nihilo;
391 1501 495 1560 sedeat
521 1507 648 1565 nativitas
670 1507 707 1583 (b)
734 1526 749 1565 a
774 1520 897 1582 parente.

95 1588 184 1645 Unius
199 1598 289 1647 autem
313 1609 371 1646 catu
391 1608 465 1667 patre
489 1597 652 1667 sabatantiae,
675 1605 743 1673 qarorl
759 1601 843 1658 Greci
857 1604 898 1659 di-

92 1692 156 1735 canl
177 1680 323 1755 ὅμιιύσιον.
338 1684 375 1741 ila
390 1694 432 1742 esi
444 1706 450 1742 τ
462 1687 545 1763 ΜΒ
559 1692 697 1748 aeletttilas
720 1694 776 1751 suia
798 1696 840 1751 sui
862 1695 899 1751 si-

952 576 1104 635 iacarnotar
1116 587 1165 645 eat,
1181 580 1257 635 harno
1268 585 1351 653 [cetur
1363 592 1410 649 ert,
1424 593 1448 637 et
1461 582 1603 639 resurrexit
1615 582 1692 637 terrie
1700 582 1754 647 die,

953 670 1088 727 adsccndit
1101 673 1130 726 in
1142 672 1230 736 celos,
1244 686 1365 731 aerttarar
1375 675 1495 745 iradicare
1504 676 1574 730 maor
1583 685 1608 730 et
1622 685 1755 741 marmor,

952 773 1121 819 sacramenta
1132 766 1227 822 salutis
1241 778 1341 823 nostras
1353 771 1379 823 iu
1393 769 1435 825 his
1449 770 1633 825 continentur.
1646 769 1700 826 Sed
1714 768 1756 825 itl-

952 856 1027 913 circo
1041 858 1216 915 immutabilis
1231 868 1259 915 et
1276 860 1492 919 inconvertibilis
1507 860 1578 917 lilius
1590 862 1638 919 bei
1656 863 1708 936 (d),
1724 872 1754 917 ut

953 950 980 1007 in
1005 954 1192 1023 assumptione
1216 954 1333 1011 hominis
1351 957 1520 1027 corruptioni
1536 956 1626 1029 potius
1639 957 1754 1028 pluriam

952 1041 1096 1107 intulerit,
1111 1060 1192 1115 traam
1209 1044 1296 1101 labem
1311 1048 1467 1104 aeternitati.
1488 1048 1640 1105 Anatbenra
1663 1056 1754 1105 autem

952 1134 979 1190 in
994 1152 1053 1201 eas,
1068 1137 1113 1207 qui
1129 1152 1163 1193 ex
1179 1137 1263 1193 nihilo
1277 1138 1378 1195 lactum
1390 1139 1500 1208 dicunt,
1516 1142 1586 1213 quod
1601 1141 1638 1216 (c)
1662 1145 1689 1209 ἐξ
1709 1145 1755 1199 οὐκ

951 1224 1031 1286 ὄντων
1044 1228 1133 1286 Graeci
1146 1230 1249 1301 dicunt,
1265 1242 1293 1287 et
1311 1234 1356 1305 riui
1376 1234 1490 1291 dicunt:
1506 1234 1572 1291 Erat
1583 1241 1688 1309 quondo
1703 1253 1755 1293 aen

951 1334 1017 1389 erat,
1032 1331 1056 1377 et
1069 1322 1142 1393 priua
1155 1340 1232 1393 prtum
1246 1338 1393 1381 irasceretur
1405 1344 1455 1385 aon
1473 1340 1537 1398 aar,
1552 1330 1755 1387 danmationem

950 1414 977 1470 in
1001 1414 1109 1471 Christo
1130 1418 1238 1475 siolatm
1258 1421 1429 1489 aterttitatis,
1454 1422 1480 1477 id
1504 1423 1688 1492 est,'dcitatis
1709 1439 1755 1495 pa·

952 1516 1046 1573 terna,
1058 1510 1109 1567 sub
1123 1511 1315 1568 maledictione
1326 1514 1461 1586 designat.

987 1605 1032 1661 35.
1050 1604 1150 1677 «liujus
1165 1605 1245 1679 igitur
1259 1606 1416 1664 intimanda·
1426 1610 1531 1665 cunctis
1543 1610 1617 1676 hdei,
1632 1608 1755 1665 Athana·

950 1698 1009 1757 sius
1022 1700 1048 1755 in
1064 1699 1152 1755 Nicea
1162 1698 1267 1772 syttodo
1282 1699 1423 1767 diaconas,
1440 1701 1569 1774 deinceps
1579 1702 1754 1760 Alexandria·

92 1774 233 1843 miliscst,
251 1784 278 1831 et
291 1776 363 1848 quod
385 1790 428 1836 est
447 1797 567 1853 scurper,
583 1784 611 1839 iu
631 1784 687 1841 beo
710 1794 760 1844 cst.
785 1784 825 1843 Ne
845 1802 897 1859 qua
949 1794 1104 1865 episcopus,
1117 1793 1264 1850 relremens
1279 1792 1312 1866 (i)
1334 1801 1428 1850 auctor
1449 1797 1603 1863 exstiterat,
1629 1806 1656 1850 et
1677 1796 1755 1851 Aria·

91 1868 177 1939 igitur
193 1868 267 1924 labes
284 1870 309 1925 iu
324 1871 466 1928 bantinum
491 1874 585 1933 lesam
606 1876 744 1935 Christum
760 1878 896 1937 harah-a
913 1900 1012 1961 Bnam
1023 1895 1128 1956 pestem
1145 1886 1173 1941 iu
1189 1896 1243 1943 tota
1258 1887 1295 1959 (a)
1308 1884 1427 1958 AEgypto
1442 1888 1497 1943 reri
1519 1896 1599 1943 tenax
1626 1886 1728 1942 vicerat
1745 1902 1752 1940 ε

91 1966 241 2037 prauitatis
257 1968 402 2038 incideret,
419 1970 521 2027 idcirco
544 1972 571 2031 iu
596 1988 630 2030 eo
656 1976 781 2031 essentia
796 1977 897 2033 reritas
949 1989 1031 2049 atque
1044 1979 1079 2035 ob
1092 1977 1118 2033 id
1134 1977 1285 2049 conjuratis
1300 1978 1327 2034 in
1343 1995 1404 2035 cum
1417 1978 1580 2036 testimoniis
1595 1979 1700 2035 saisitus
1712 1988 1754 2036 est

91 2063 260 2131 explicatur.
276 2062 311 2137 (c)
338 2064 463 2123 Esseatia
487 2068 558 2125 enim
582 2084 614 2127 ca
636 2085 678 2139 eo,
704 2070 776 2143 quod
790 2086 899 2145 semper
949 2071 1093 2128 eriminum
1115 2080 1280 2145 cotuparata.
1302 2070 1355 2127 lies
1372 2084 1463 2143 postea
1478 2071 1516 2147 (h)
1533 2072 1659 2131 lidelibus
1677 2073 1753 2146 jndi-

90 2166 147 2225 est,
161 2172 333 2231 nuncupatur
348 2178 355 2216 :
371 2165 506 2235 quiaquia
527 2164 697 2223 extrinsecas
709 2166 770 2237 opis
783 2165 816 2221 ad
830 2182 896 2224 cou-
949 2182 1010 2224 cum
1024 2165 1168 2238 dijudicata
1184 2167 1338 2223 sententiis.
1353 2166 1408 2223 Sed
1425 2168 1538 2223 multum
1563 2167 1596 2225 ad
1620 2168 1754 2240 cognitio·

90 2252 233 2309 tiucndam
247 2270 277 2311 se
290 2270 435 2328 numquam
449 2260 564 2331 eguerit,
576 2267 604 2315 et
616 2259 768 2317 substantia
781 2260 895 2329 dicitar;
949 2276 1012 2317 nem
1027 2262 1163 2335 proliciet,
1178 2261 1202 2317 si
1215 2278 1275 2335 qttar
1297 2270 1358 2333 post
1378 2260 1578 2317 absolutionem
1597 2259 1752 2329 Athanasii,

89 2345 168 2417 qttad
185 2346 253 2403 intra
269 2364 298 2405 se
312 2338 349 2413 id,
365 2350 435 2419 ‹prnd
459 2365 567 2423 semper
584 2360 636 2415 est.
653 2354 718 2409 etia
734 2353 897 2411 aeternitatis
951 2356 984 2413 ad
997 2354 1185 2441 Qonstantium
1199 2358 1394 2429 imperatorem
1415 2354 1496 2431 W
1519 2354 1690 2413 sardicensis
1708 2370 1754 2427 sy-

89 2456 151 2497 suae
162 2440 290 2498 rietatem
305 2444 444 2500 subsistat.
461 2446 552 2503 hesic
567 2446 639 2517 quod
654 2448 692 2501 ait
707 2466 713 2503 :
728 2446 784 2520 Epo
799 2459 824 2503 ct
843 2448 897 2505 Pa·

90 2546 132 2589 ter
145 2552 225 2591 anam
238 2553 329 2591 aunum
354 2535 443 2611 (latta.
456 2554 483 2605 x,
496 2538 543 2613 30)
553 2556 560 2605 ;
572 2549 610 2605 ct,
626 2540 677 2607 Qui
698 2558 736 2597 arr
746 2542 817 2607 uidit,
834 2542 896 2599 uidit

91 2641 116 2685 et
132 2629 239 2687 Putrem
254 2629 404 2703 (deorumn,
420 2633 463 2705 d);
480 2642 508 2690 et
523 2650 645 2691 rursum:
661 2635 753 2709 lipom
765 2637 853 2707 Patre,
870 2649 894 2694 el

91 2724 177 2783 Pater
199 2730 227 2785 ia
251 2740 338 2785 tracen
354 2730 433 2805 (ibid.
457 2732 518 2803 ll);
537 2740 564 2789 et
589 2732 666 2801 illud,
690 2732 748 2805 Epo
765 2734 796 2789 tle
816 2732 896 2791 Patre

92 2823 162 2877 eriri
177 2822 266 2895 (duan.
283 2841 339 2887 arr.
352 2826 398 2897 28)
415 2843 422 2881 a
438 2828 550 2899 aqualis
572 2828 599 2883 in
619 2836 745 2899 utrouue,
758 2829 783 2885 id
800 2837 852 2897 est,
869 2830 896 2885 in

94 2916 154 2972 beo
167 2916 215 2988 qui
229 2918 394 2977 innascibilis
410 2930 451 2977 est
464 2963 470 2987 ,
485 2928 514 2977 et
527 2922 554 2978 iu
572 2924 626 2979 lico
644 2922 709 2995 (llic
737 2923 898 2981 &rideatur

91 3010 141 3083 qai
161 3011 271 3083 genitus
285 3015 345 3087 est)
359 3030 411 3071 una
426 3024 508 3088 atque
531 3014 626 3073 eadent
648 3017 675 3073 iu
697 3024 813 3089 utroque
833 3018 898 3075 sab·

949 2460 1016 2519 nodi
1030 2460 1120 2518 oratio
1135 2463 1169 2537 ti)
1180 2462 1271 2531 luerit,
1282 2473 1471 2537 cognoscatur.
1489 2482 1500 2517 a

1091 2594 1329 2653 rusousurau
1342 2596 1469 2671 tumre
1482 2612 1502 2654 ιι
1515 2594 1618 2670 nitra).

950 2724 1049 2768 mctmr
1060 2726 1204 2767 oscasrua
1214 2726 1305 2767 srnoat
1319 2708 1357 2786 (ι’)
1371 2726 1554 2768 omssranmu
1576 2726 1645 2768 aran
1660 2726 1751 2768 senor·

984 2820 1038 2861 ena
1066 2803 1104 2875 (ir)
1127 2820 1309 2861 satscoeoumt
1334 2820 1458 2862 artare
1481 2808 1656 2877 Antanonmr,
1681 2820 1751 2874 ouon

984 2915 1118 2957 utssnaur
1133 2900 1165 2974 (l)
1180 2917 1215 2957 aa
1226 2902 1347 2957 Arntctrt
1361 2900 1482 2972 (Editam
1494 2921 1538 2959 on.
1551 2904 1627 2973 dli).

949 3016 1082 3089 Gregorio
1109 3015 1283 3075 Alexandriae
1308 3017 1463 3090 episcopo,
1493 3018 1659 3077 Nicomediae
1691 3018 1752 3091 epi·

91 3178 182 3245 analo,
197 3186 332 3249 etateraae
344 3193 434 3232 unuin.
453 3174 485 3233 m
500 3178 527 3233 in
541 3177 746 3245 Patreraunam,
759 3176 931 3249 pairanarC
948 3192 1001 3247 aaa
1025 3176 1107 3233 muita
1129 3177 1199 3234 scitu
1222 3176 1302 3251 digna
1325 3180 1459 3237 contineri
1481 3181 1634 3252 siprtillcant
1656 3183 1751 3243 Patres

92 3250 228 3321 personali
240 3250 342 3304 nornine
356 3246 443 3305 Patris
466 3249 501 3305 Et
511 3250 537 3305 iu
547 3248 645 3305 Filiam
655 3268 746 3316 rrnuut,
756 3252 817 3323 puin
829 3268 896 3306 tanao

91 3331 130 3375 eat
142 3322 176 3375 de
191 3338 241 3377 ano
256 3322 310 3395 (rel
326 3336 431 3377 rursum
446 3322 507 3392 puio
518 3338 583 3378 auur
605 3334 641 3378 ert
652 3324 781 3395 personali
795 3324 897 3379 nomine

93 3392 161 3447 Filii
177 3408 187 3448 .·
202 3400 230 3449 et
245 3392 364 3467 postea),
381 3392 415 3449 m
425 3394 453 3448 iu
464 3392 548 3449 Deam
562 3412 650 3461 auram,
664 3396 725 3467 qaia
737 3412 803 3451 anor
818 3405 854 3451 ert
866 3396 898 3453 de

92 3476 155 3523 utro
175 3482 217 3522 ae.

131 3483 223 3609 (aihu
234 3536 394 3610 corrigimus
409 3554 416 3594 ι
433 3551 493 3593 cum
507 3538 580 3608 prius
596 3538 751 3605 haberetur,
768 3538 835 3610 patri
839 3579 895 3596 .....

92 3626 243 3665 commane.

130 3681 173 3755 (d)
187 3681 349 3738 Particulam
368 3700 385 3737 a
407 3682 562 3752 supplemus
586 3700 618 3737 ex
640 3682 722 3739 Sirm.
737 3682 783 3754 qui
803 3694 896 3751 postea

90 3753 172 3825 legit,
187 3754 263 3809 uniar
278 3763 301 3809 et
312 3755 427 3827 ejusdem
438 3770 558 3822 ratapate
568 3756 734 3811 substantie:
749 3754 793 3811 ubi
808 3754 898 3813 Faber

91 3840 126 3881 ex
140 3840 194 3881 ms.
208 3824 278 3879 Pith.
295 3825 416 3887 retinuit,
433 3826 510 3881 unius
530 3837 615 3881 autem
639 3844 758 3911 corripere
778 3834 898 3883 auertan-

91 3900 149 3954 tioe.
163 3895 274 3953 Nullum
289 3896 399 3953 nutriam
413 3908 463 3961 est,
480 3898 545 3969 atriu
560 3898 665 3953 sincera
676 3910 711 3951 sn
727 3898 806 3953 lectio
816 3914 896 3969 uttam

91 3970 276 4039 pra’lerimus.
293 3968 343 4025 llic
358 3968 431 4024 enim
450 3978 609 4038 repetuntur
622 3970 703 4025 simul
718 3978 745 4027 et
756 3970 894 4040 explican-

92 4053 138 4097 tur
156 4042 215 4113 ipa
228 4042 344 4113 symlmli
359 4039 460 4097 Nicaeni
479 4042 571 4098 rerba.

131 4112 171 4187 (c)
184 4112 255 4168 lam.
271 4112 319 4168 lib.
335 4112 369 4168 de
381 4112 483 4185 Synud.
501 4130 528 4167 n.
545 4112 578 4169 ta
604 4110 767 4179 audivimas,
787 4110 898 4185 Proprie

92 4198 184 4240 nutem
197 4186 306 4241 essentia
320 4185 417 4241 idcireo
428 4194 462 4239 est
475 4185 554 4252 dictu,
565 4183 633 4257 quod
643 4200 742 4257 setrtper
755 4194 801 4239 ert.
813 4184 898 4240 Porro

91 4260 128 4313 do
143 4258 264 4313 essentia
286 4258 328 4313 hic
353 4256 475 4311 nonnihil
489 4256 599 4313 disserit
615 4256 750 4321 hilarium
767 4254 828 4327 quia
846 4272 897 4311 rot

92 4332 187 4391 οὐσία,
209 4346 241 4384 cr
256 4346 306 4401 qua
330 4327 360 4384 ht
381 4328 528 4399 ὁμοούσιον.
545 4330 689 4383 essentiam
705 4341 795 4395 sarrai,
811 4343 898 4400 eoque

91 4402 209 4459 ntnuinc
235 4400 269 4455 ab
293 4401 352 4469 ipso
373 4400 455 4455 latinu
479 4400 554 4455 reddi
569 4401 647 4463 salet,
665 4408 692 4453 ut
705 4410 777 4469 patet
792 4416 824 4455 ex
839 4416 899 4457 rer·

90 4476 176 4529 sinne
187 4472 355 4528 decretorum
372 4471 506 4545 Antprau.
522 4470 739 4542 libertieSynod.
753 4472 833 4529 nid.
844 4482 897 4527 etc.

132 4546 176 4619 (d)
202 4544 312 4615 Supple,
339 4544 501 4615 praedicatur
515 4543 543 4599 in
557 4542 665 4601 Nieaeuo
679 4543 812 4615 symbolo.
829 4542 897 4600 'l'trm

91 4634 159 4674 eant
186 4617 316 4674 subnexis
348 4617 490 4671 trraximnm
523 4614 681 4671 al'llnitatem
709 4615 808 4671 hahent
829 4616 900 4685 apud

91 4688 273 4745 Amlnosituu
300 4686 358 4742 lune
383 4688 463 4743 rerba
492 4686 584 4741 Trant.
609 4686 643 4740 de
669 4685 721 4741 lide
748 4688 899 4743 nrtlmdoxa

91 4778 118 4817 c.
138 4760 170 4818 8.
188 4762 213 4813 iu
229 4759 353 4829 Append.
370 4768 470 4815 tamnu
486 4776 491 4812 τ
507 4756 573 4813 Catu
595 4759 723 4813 hominem
736 4760 842 4814 induere
859 4760 900 4813 di·

92 4842 252 4905 praeluceat,
277 4849 327 4885 trun
346 4832 426 4885 labem
445 4832 581 4885 aetertrr'tuti
599 4830 695 4893 intulit,
720 4843 746 4883 at
771 4830 900 4903 Spiritum

91 4908 121 4960 in
139 4920 246 4959 carnem
265 4914 390 4969 aratorem
408 4905 451 4957 sed
466 4912 493 4955 ut
508 4915 624 4975 rttsreptu
638 4902 736 4957 homini
748 4902 901 4959 immortali·

94 4986 263 5045 terrenamque
277 4978 443 5031 eternitatem
456 4976 564 5029 caelestia
579 4976 637 5028 aitte
649 4984 791 5045 prestaret.

148 5046 172 5114 ei
188 5046 304 5101 Rursum
317 5046 361 5103 hic
372 5050 399 5101 in
412 5060 476 5100 mss.
488 5056 625 5099 extrenum.

133 5048 169 5193 iti
186 5117 243 5173 Non
258 5116 365 5184 attidem
381 5117 529 5173 corutendae
543 5116 625 5187 (turne
637 5116 708 5170 enim
736 5116 900 5173 Athanasius

93 5191 158 5259 ipse
184 5190 216 5244 ad
232 5188 312 5246 Solii.
334 5205 365 5259 pa
386 5230 393 5243 .
415 5190 466 5245 857
487 5186 552 5243 Osiu
574 5186 679 5241 lautlcm
699 5187 800 5251 tribuit,
828 5187 900 5257 ntrod

94 5262 239 5335 [ramalem
256 5262 356 5327 tidelia
399 5262 480 5315 icoeun
498 5258 598 5331 spriada
612 5256 750 5331 concepit),
769 5258 902 5331 sedejus·

94 5334 162 5389 dern
179 5334 278 5388 cancris
293 5332 450 5389 intimanda.
653 5394 657 5403 ι

134 5403 175 5479 (p)
189 5404 249 5460 laur
264 5404 391 5471 llilarius,
409 5404 454 5457 lih.
467 5403 493 5456 in
509 5400 652 5457 Constant.
667 5418 695 5457 u.
709 5401 756 5467 lh,
772 5402 900 5459 testillca·

95 5486 143 5533 tus
164 5486 207 5533 est
229 5474 372 5547 AEgyptios
391 5474 418 5529 iu
439 5474 604 5530 Seleucieusi
621 5472 725 5546 synodo
740 5474 900 5535 lumtnusion

95 5546 496 5609 constantissimeobtinuisse,
519 5544 620 5600 nallmu
646 5559 738 5601 coram
762 5544 901 5629 excipiens

96 5618 368 5694 prmterGeoraiam,
382 5617 429 5688 qui
449 5618 475 5672 iu
496 5617 706 5673 Alexandrinam
723 5616 814 5671 sedem
827 5632 902 5671 tura·

96 5699 185 5748 serat.
212 5690 371 5759 Euripi-ndi
394 5702 483 5745 tamen
505 5696 569 5743 sunt
589 5687 737 5745 hlelctiani.
762 5702 829 5759 qrros
850 5688 901 5747 sibi

97 5763 197 5821 Ariani
211 5760 398 5831 adjunxerant.

152 5836 179 5903 h)
194 5834 271 5897 Ptttu,
285 5835 310 5887 iu
326 5830 480 5888 sardicensi
494 5830 609 5905 synodo.

153 5904 174 5975 ι)
189 5900 286 5975 llapno
299 5900 421 5977 historiar
435 5902 534 5962 darana
546 5900 647 5961 excidit
660 5900 718 5959 hate
733 5897 860 5973 epistola,
874 5902 901 5957 ln

949 3248 1138 3317 Sardicenses,
1153 3265 1254 3319 sapra,
1279 3267 1355 3308 narn.
1371 3253 1415 3307 ta.
1427 3251 1488 3320 Quo
1499 3254 1526 3308 in
1542 3255 1601 3308 loen
1619 3255 1652 3309 ad
1677 3254 1750 3312 Cou-

949 3331 1066 3379 stantem
1087 3322 1196 3377 etiarna
1209 3324 1455 3395 synodoseriptatn
1465 3339 1527 3381 esse
1540 3324 1659 3382 indicant
1674 3345 1682 3383 ι
1699 3329 1750 3385 nisi

948 3392 1020 3449 lurte
1033 3410 1085 3449 uua
1096 3397 1245 3464 cadentque
1255 3396 1371 3465 epistula
1382 3398 1491 3468 utrique
1502 3398 1656 3466 imperatori
1666 3401 1749 3456 missa

948 3468 994 3521 sit.
1005 3464 1042 3521 Aa
1056 3475 1130 3522 cene
1142 3466 1312 3537 trerspieuum
1330 3479 1384 3535 est,
1403 3468 1448 3525 hic
1469 3468 1593 3525 notanihit
1609 3470 1642 3525 ad
1658 3474 1750 3543 operis

949 3536 1030 3607 hujus
1045 3539 1228 3608 integritatem
1243 3539 1403 3596 desiderari.

985 3608 1021 3685 ij)
1032 3610 1135 3683 Synodi
1145 3610 1225 3679 tritius
1237 3612 1386 3669 meminere
1396 3612 1535 3678 Socrates,
1546 3613 1594 3670 lib.
1610 3630 1641 3682 u,
1657 3630 1683 3670 c.
1698 3616 1745 3682 ib,

948 3692 976 3740 et
988 3683 1167 3753 harpastinus,
1178 3682 1226 3739 lib.
1242 3699 1273 3739 ut
1285 3692 1380 3739 contra
1389 3684 1531 3755 Crescunt,
1542 3695 1571 3741 et
1578 3688 1657 3756 epist.
1673 3704 1747 3745 atta.

949 3754 989 3811 Ac
1012 3762 1142 3823 praterea
1155 3754 1293 3811 decretam
1308 3754 1380 3810 illias
1392 3757 1547 3811 summatim
1564 3758 1749 3829 perstringunt

949 3826 1127 3888 Sozomenas,
1143 3824 1190 3881 hh.
1204 3841 1244 3891 m,
1255 3840 1280 3881 c.
1293 3826 1338 3891 ll,
1350 3826 1563 3897 etliicephorus,
1577 3828 1624 3884 lib.
1637 3846 1674 3885 ur.

997 3896 1024 3970 lt)
1038 3896 1151 3952 ilentito
1168 3896 1277 3967 quidem
1293 3898 1421 3962 unninea
1437 3914 1498 3955 curn
1522 3898 1613 3954 Ariani
1638 3898 1747 3959 Serdica

948 3984 982 4024 au
996 3968 1206 4037 ugientes,baoc
1221 3967 1459 4041 pseudosynodum
1475 3968 1606 4039 Philippis
1621 3972 1646 4024 in
1661 3971 1748 4029 Thra-

949 4042 990 4095 cia
1002 4040 1054 4096 sub
1066 4040 1162 4095 eadem
1177 4048 1298 4104 tempore
1313 4040 1481 4103 habuissent,
1495 4056 1548 4109 uuo
1558 4041 1694 4097 celebrata
1707 4058 1749 4102 est

950 4126 1013 4167 aera
1035 4110 1154 4183 synodus
1174 4109 1353 4166 sardicensis.
1371 4111 1457 4182 liujus
1469 4123 1545 4182 gesta
1560 4114 1710 4183 Atreus-rino
1722 4127 1750 4173 et

950 4183 1048 4255 Alypio
1060 4184 1096 4237 ita
1112 4182 1257 4249 latuerunt,
1274 4192 1304 4236 ut
1319 4182 1394 4239 illam
1416 4199 1498 4239 auam
1520 4198 1570 4251 pro
1593 4185 1748 4243 Sardiceusi

950 4254 1104 4309 habuerint.
1129 4254 1259 4309 llilariam
1284 4268 1392 4325 cinoque
1422 4256 1448 4309 in
1480 4254 1550 4311 libro
1572 4255 1608 4314 de
1631 4256 1749 4329 Synodis

949 4326 1046 4381 eodem
1062 4324 1144 4381 modo
1157 4326 1241 4381 luisse
1255 4326 1396 4396 deceptum
1410 4370 1419 4391 ,
1435 4326 1523 4383 Faber
1543 4342 1576 4383 ac
1600 4330 1677 4385 multi
1702 4330 1749 4387 alii

949 4398 1183 4453 existimantrscd
1205 4396 1276 4453 nulla
1304 4397 1356 4455 hac
1379 4400 1669 4471 rationepersuadent.
1692 4401 1749 4459 huo

951 4468 1014 4523 lidei
1033 4467 1231 4524 contessionem
1253 4470 1289 4524 ibi
1310 4470 1408 4527 editam
1432 4487 1486 4527 non
1506 4474 1683 4531 eecunaenie‘c
1702 4490 1747 4545 sy·

951 4539 1027 4607 nodi,
1041 4541 1088 4597 sed
1103 4556 1217 4597 anorum
1229 4540 1408 4599 Orientalium
1427 4558 1488 4599 esse
1509 4546 1648 4613 conceptis
1658 4546 1749 4604 verbis

953 4612 1053 4669 iudicat
1067 4629 1074 4668 a
1088 4622 1190 4669 etcum
1203 4627 1317 4669 caeteras
1330 4615 1488 4671 eurumdem
1499 4613 1631 4673 lamtulas
1643 4634 1658 4672 e
1669 4618 1748 4686 loeis,

952 4685 1091 4753 inquibus
1109 4686 1217 4757 scriptae
1236 4695 1309 4752 sarit,
1333 4689 1460 4744 inscribat
1470 4704 1478 4753 ;
1490 4703 1520 4743 ea
1535 4704 1587 4743 rana
1603 4705 1749 4759 suppresso

951 4756 1086 4813 insidioso
1104 4758 1154 4813 loci
1178 4760 1287 4812 rtomiae
1301 4759 1461 4830 simpliciter
1475 4760 1510 4815 ab
1526 4774 1560 4814 eo
1573 4758 1748 4817 inscribitur:

953 4828 1033 4883 Fides
1053 4830 1192 4883 recondam
1211 4828 1325 4886 Orientis
1346 4833 1482 4902 aptandam.
1505 4831 1571 4886 Eam
1592 4833 1700 4903 attidem
1721 4832 1749 4887 in

949 4899 1094 4956 Cottstant.
1117 4916 1143 4954 ιι.
1162 4900 1208 4959 25.
1232 4899 1410 4957 Sardiearrem
1421 4912 1500 4957 rucat
1515 4920 1521 4955 :
1538 4903 1585 4959 scd
1599 4906 1659 4973 quis
1675 4920 1747 4970 erran,

952 4988 1013 5027 curn
1030 4972 1101 5025 lrrruc
1115 4970 1212 5026 liluum
1227 4974 1359 5043 serit-psit,
1373 4989 1463 5029 rerum
1482 4974 1658 5031 Orientalium
1675 4978 1750 5046 ignar-

952 5059 1013 5099 rum
1036 5044 1172 5099 existimet
1184 5042 1197 5096 l
1210 5041 1289 5098 Certe
1310 5047 1336 5099 in
1349 5061 1383 5100 eu
1397 5061 1450 5101 nou
1467 5046 1587 5117 loquitar
1600 5058 1627 5101 ut
1642 5049 1748 5103 illarum

952 5132 958 5168 r
980 5130 1072 5170 norm,

961 5130 1021 5258 gh)
1042 5186 1081 5241 llo
1103 5186 1229 5241 nimirum
1241 5186 1367 5252 consilio,
1380 5197 1409 5241 at
1421 5189 1576 5245 bonarisas
1591 5188 1643 5242 sihi
1652 5188 1749 5255 adjun-

952 5269 1057 5329 gerent.
1075 5257 1152 5326 Quod
1174 5257 1246 5314 enim
1267 5258 1454 5329 Arrgustinus,
1470 5260 1518 5314 tib,
1533 5275 1561 5315 m
1575 5266 1669 5314 contra
1683 5261 1749 5315 Cra·

951 5344 1029 5387 scon.
1043 5345 1069 5385 c.
1081 5328 1127 5393 dl,
1146 5330 1219 5385 relat
1232 5345 1264 5385 ex
1278 5329 1434 5401 cottjeetura
1448 5330 1497 5396 ait,
1511 5332 1661 5403 Apicianam
1671 5332 1749 5388 laare-

952 5402 1000 5457 rim
1015 5400 1155 5457 Orietaaiir
1173 5402 1277 5457 amau
1298 5403 1348 5457 ribi
1369 5403 1472 5457 tentarit
1492 5403 1643 5473 adjanperr,
1665 5404 1746 5473 epist.

953 5474 1020 5528 alias
1030 5488 1122 5533 currit,
1136 5488 1207 5529 narro
1220 5490 1296 5540 retr,
1312 5490 1338 5527 n.
1355 5474 1382 5535 6,
1397 5489 1432 5528 ex
1444 5474 1550 5542 publico
1562 5489 1673 5531 rumore
1683 5492 1749 5531 cou-

953 5542 1044 5599 firmat
1061 5544 1105 5600 liis
1123 5546 1213 5601 verbis
1228 5564 1235 5598 τ
1252 5546 1381 5613 Quoniam
1405 5544 1490 5598 nescio
1507 5546 1611 5611 quando
1628 5550 1749 5602 audian·

952 5632 1022 5684 nttrs,
1039 5618 1156 5673 Arianos.
1174 5632 1231 5671 cara
1242 5634 1260 5671 a
1271 5614 1450 5670 comnranioae
1466 5616 1594 5671 catholica
1605 5616 1750 5689 discrepar-

953 5700 1018 5754 rent,
1033 5687 1181 5744 Donatistae
1193 5688 1221 5740 in
1234 5686 1323 5756 Africa
1334 5686 1382 5740 ribi
1395 5685 1494 5740 sociare
1509 5696 1637 5756 scriturae,
1651 5692 1685 5744 ad
1699 5708 1748 5745 aa·

952 5778 1009 5818 rem
1032 5761 1094 5815 mihi
1118 5762 1166 5815 doc
1189 5760 1274 5833 ipram
1296 5761 1376 5829 [rerer
1394 5755 1505 5830 Alypius
1523 5763 1659 5829 suppressit.
1691 5760 1749 5825 ilue

953 5840 1028 5888 certe
1043 5834 1171 5887 haeretico
1185 5830 1290 5884 illorum
1307 5828 1415 5899 iugenio
1425 5827 1535 5897 diguam
1546 5838 1681 5905 eranam
1691 5831 1748 5901 iatri

954 5902 1126 5973 appetierant
1137 5901 1338 5958 lieletiaaorum
1348 5898 1517 5957 societatem.
1529 5901 1660 5969 Quocirca
1672 5904 1749 5972 illud't
