4017 6317
102 320 153 377 est
560 319 606 377 ult
625 318 741 379 orsas
761 320 944 383 lttssoatco
964 322 1207 387 FRAGMENTUM
1226 330 1271 388 lt.
1694 338 1747 399 (90

102 454 146 497 sus
160 440 185 496 in
205 439 327 496 exsilium
338 434 375 511 (ι)
390 436 514 493 nrnircrsa
530 436 556 491 in
572 436 677 493 irritum
694 437 814 507 deduxit,
827 439 895 496 scri·
907 444 934 505 Α
946 442 1090 501 sententiis
1102 446 1212 514 restris,
1236 446 1396 521 litterasque
1409 464 1492 525 super
1504 455 1615 513 nuntiae
1638 456 1699 528 eius
1709 458 1747 534 (e)

100 534 165 591 bens
180 532 433 605 praevaricatoribus
447 531 582 588 haereticis
595 531 713 602 Arianis,
728 533 773 605 quii
790 534 817 589 in
832 547 895 589 san·
947 530 987 605 (id
1000 535 1079 589 estde
1091 537 1301 599 condemnatione
1315 543 1421 615 ipsius),
1436 545 1608 619 periratrem
1623 564 1747 609 nostruin

100 641 170 683 cautu
192 625 368 681 Atinanasium
393 624 572 680 orthodoxum
596 623 753 696 episcopum
770 624 894 699 (blinsju-
947 622 1173 684 Fortunatiaomu
1200 630 1262 687 dedi
1287 634 1464 703 periereudas
1490 638 1525 695 ad
1553 641 1746 713 imperatorem

98 728 166 775 sum
180 717 265 774 tulere
278 716 466 773 sententious
946 715 1146 777 Constatuium.
1160 722 1254 797 ltaque
1267 736 1360 784 amoto
1374 730 1523 789 Athanasio
1540 735 1605 809 (fla
1619 752 1745 795 commu-

946 814 1028 871 nione
1040 818 1160 874 omnnium
1174 829 1307 888 nostrum,
1322 824 1398 895 cujus
1409 842 1459 883 uec
1469 828 1590 898 epistolia
1602 846 1618 887 a
1629 844 1673 889 me
1685 848 1747 889 sus·

943 906 1067 977 cipienda
1094 921 1169 981 sunt,
1199 912 1261 970 dico
1279 930 1324 972 me
1337 932 1399 973 cum
1412 919 1538 978 omuibus
1550 926 1629 986 subis
1643 934 1671 983 et
1684 941 1746 985 cum

944 1003 1081 1059 universis
1106 1006 1437 1077 episcopisOrientalibus
1458 1027 1508 1070 seu
1532 1030 1580 1086 per
1604 1021 1747 1077 universas

130 1090 156 1144 5.
182 1088 235 1145 Pro
252 1088 555 1145 deillcotintoresancta
570 1086 635 1143 tides
647 1086 892 1159 restrafflssilco
944 1096 1098 1167 prouincias
1115 1113 1209 1168 paoem
1223 1108 1251 1155 et
1267 1101 1472 1160 unanimitatem
1489 1106 1601 1166 babere.

95 1180 723 1255 cognitaestetbominibusboueuolttntatis.
752 1180 828 1237 Sicut
847 1180 890 1237 ier
979 1186 1006 1243 ti.
1029 1188 1166 1245 Sirmiensi
1190 1190 1252 1257 fidei
1270 1191 1416 1248 subscribit.
1437 1226 1473 1237 -
1495 1196 1581 1268 Nam,
1608 1203 1743 1259 ncrertus

94 1276 222 1348 loqtritur,
245 1272 322 1331 desto
329 1274 457 1349 judicate,
467 1274 517 1345 filii
530 1274 661 1328 bantinum
671 1274 679 1340 l
686 1272 757 1329 l’sni.
772 1287 835 1335 ιιιι,
848 1270 888 1344 Ξ),
942 1282 1046 1348 sciatis,
1061 1299 1104 1339 site
1117 1284 1156 1359 lp)
1165 1300 1229 1341 uera
1244 1285 1297 1343 lide
1310 1303 1358 1358 per
1372 1287 1443 1345 banc
1457 1290 1599 1361 epistolam
1614 1311 1645 1352 ea
1659 1298 1744 1370 loqui,

94 1385 142 1439 ego
156 1368 334 1425 Athanasium
348 1366 384 1441 (c)
398 1382 451 1422 non
465 1363 598 1421 delendo:
616 1366 663 1421 sed
678 1366 741 1437 quia
758 1380 888 1434 suscepe-
941 1372 1068 1430 dominus
1082 1386 1111 1431 et
1125 1374 1209 1433 irater
1224 1394 1300 1433 meus
1311 1382 1465 1439 communis
1479 1384 1669 1459 bemoplntus,
1691 1392 1738 1464 qui

92 1476 132 1520 rat
147 1466 222 1520 illum
247 1462 325 1519 boue
346 1462 484 1519 memoriae
496 1460 584 1517 ludius
597 1460 741 1531 episcopus
756 1460 889 1517 decessor
942 1466 1069 1539 dignutus
1083 1478 1126 1525 est
1140 1484 1189 1541 pro
1201 1484 1250 1527 sua
1262 1472 1453 1531 benevolentia
1467 1476 1549 1533 bdem
1565 1478 1607 1551 (ln)
1623 1490 1743 1537 restrum

92 1574 167 1615 rnerss
182 1600 190 1625 ,
217 1558 331 1614 rerebsr
350 1572 386 1613 ne
408 1556 477 1611 lorte
488 1555 529 1627 (ι)
548 1554 685 1626 abaliquo
698 1556 889 1625 prevaricator
942 1568 970 1616 et
983 1561 1144 1619 catholicam
1158 1575 1307 1635 exponere,
1321 1579 1384 1637 que
1397 1566 1497 1625 Sirmio
1516 1584 1533 1625 a
1547 1570 1670 1639 pluribus
1683 1573 1740 1629 t'ra-

89 1650 237 1721 Jndicarer.
256 1649 293 1704 At
305 1650 350 1705 ubi
364 1646 491 1719 comuni,
506 1646 615 1719 quatrdo
628 1649 681 1703 [ten
694 1646 805 1719 placuit,
816 1648 889 1718 juste
943 1655 1031 1712 bibus
1049 1665 1078 1711 et
1096 1656 1269 1729 coepiscopis
1286 1659 1387 1715 nostris
1402 1667 1517 1718 tractata
1529 1706 1537 1732 ‚
1549 1665 1691 1734 exposita,
1714 1676 1742 1721 et

90 1760 137 1801 ros
147 1744 223 1801 iilum
237 1744 444 1807 condemnasse,
459 1756 522 1797 tuor
536 1755 698 1798 consensum
715 1740 884 1797 commodari
899 1729 1062 1819 Bsuscepta
1072 1757 1115 1807 est
1126 1748 1202 1823 (lies
1215 1749 1247 1823 (i)
1261 1762 1298 1807 est
1315 1752 1426 1825 pertidia
1439 1753 1550 1825 Adnue,
1563 1756 1610 1813 boc
1623 1774 1670 1831 epo
1684 1775 1735 1813 uo·

98 858 284 915 Dilectissimis
318 858 446 943 iratribus
476 857 640 931 presbyteris
661 868 688 915 et
725 857 892 930 coepiscopis

132 952 325 1020 Orientalibus,
341 951 466 1009 Liberius
491 950 571 1025 (circu
586 952 662 1023 fiarent
675 970 718 1007 on.
733 951 810 1025 557).

128 1908 164 1979 (o)
182 1906 244 1962 Post
258 1918 387 1964 emessam.
400 1906 482 1978 irsqnnit
501 1906 633 1965 Attianos.
651 1905 770 1963 adSolit.
787 1924 813 1977 p.
824 1908 886 1977 857,
941 1911 1573 1985 eammsrtscepisseaitlidem,quusirmium
1595 1918 1742 1989 upiuridus
1795 1934 1798 1939 ·

91 1984 116 2035 in
131 1981 222 2035 exsilio
247 1979 377 2035 hienimum
401 1979 511 2049 infimus
533 1988 581 2045 est,
603 1978 729 2103 utiuispue
754 1982 843 2035 sttct'tis
855 1981 889 2034 ud
940 1985 1064 2053 frutribus
1076 1994 1099 2039 et
1113 1984 1272 2056 coepiscopis
1283 1986 1377 2041 nostris
1389 1991 1639 2059 tractatu,espositu,
1654 2002 1740 2049 etsus·
1750 1974 1759 2021 ¹⁸

90 2051 495 2117 susbscriptlnueminductusest.
526 2050 565 2105 Ex
593 2065 646 2117 usto
666 2050 804 2118 elicitur,
833 2058 889 2108 tres
938 2064 1066 2125 ceptuest
1087 2055 1120 2109 uls
1142 2056 1259 2111 enormibus
1276 2057 1321 2127 qui
1343 2059 1370 2111 iu
1389 2063 1628 2132 presentissserunt
1649 2077 1736 2132 :uuae

91 2125 288 2193 subsequentes
300 2123 429 2193 epistolas
443 2130 643 2177 essunteanno
656 2120 730 2189 557,
753 2130 800 2177 aut
813 2133 888 2181 certe
939 2128 1026 2183 verba
1049 2141 1110 2181 cum
1132 2126 1259 2185 menide
1283 2127 1442 2187 sirmiensis
1460 2132 1584 2188 termulae
1605 2137 1741 2202 prooenito

90 2197 201 2251 ineunte
215 2194 279 2259 558,
294 2196 409 2264 scriptas
422 2208 494 2249 esse.
525 2192 707 2249 ancileetiam
726 2193 834 2261 alinuod
851 2194 887 2251 iu-
939 2200 1006 2253 satis
1027 2199 1200 2255 cosureniaut.
1229 2198 1405 2257 lnBlondelii
1431 2205 1592 2259 senitentiam
1611 2204 1740 2263 Peenrtns

90 2276 129 2324 ter
152 2283 199 2323 eas
225 2266 397 2323 intervallum
420 2264 502 2321 inisse
522 2266 708 2321 coricediruus.
741 2263 809 2320 Nam
823 2265 886 2322 duan
940 2271 1012 2325 notis
1025 2268 1052 2324 in
1066 2270 1201 2341 Epiphan.
1217 2286 1278 2341 pag.
1291 2272 1354 2339 555,
1373 2275 1542 2343 propendet:
1557 2278 1680 2344 quamuis
1693 2276 1739 2333 Li·

90 2338 183 2395 ilonsae
196 2338 334 2395 desiderio
347 2336 465 2407 ssaprans
477 2336 600 2393 Liberius
620 2337 654 2392 ab
668 2336 730 2399 bis,
755 2351 770 2391 a
790 2337 888 2407 qnibtrs
941 2340 1046 2399 berlum
1057 2343 1091 2397 ab
1103 2343 1199 2397 haeresi
1215 2342 1294 2398 facile
1304 2343 1414 2401 liberari
1428 2360 1507 2415 posse
1520 2349 1672 2415 censest,si
1681 2351 1740 2421 pri·

92 2412 229 2481 sperabat,
251 2427 280 2467 se
294 2410 360 2466 nibil
372 2409 612 2478 ponderassem
637 2408 751 2463 aliorum
772 2409 888 2467 subinde
940 2426 1012 2467 maru
1026 2413 1169 2469 dunshxat
1183 2414 1319 2484 praedictas
1332 2414 1458 2473 iornsulae
1472 2426 1593 2489 partem,
1614 2435 1667 2491 qua
1690 2421 1740 2477 ho·

89 2498 167 2552 opem
182 2480 354 2553 implorabat.
369 2481 445 2539 Untle
459 2480 571 2551 primatu
586 2480 619 2539 ad
632 2484 732 2533 annuum
746 2480 808 2547 557,
821 2482 888 2537 alias
940 2484 1066 2541 moesion
1082 2495 1110 2541 et
1131 2484 1302 2543 homeusion
1322 2488 1489 2545 reticendum
1504 2504 1564 2545 esse
1577 2490 1735 2558 decernunt,

90 2556 121 2609 ad
136 2555 209 2617 558,
240 2554 376 2623 pertinere
400 2552 540 2621 probabile
562 2562 613 2607 est.
639 2550 756 2607 Litteras
777 2552 886 2607 easdem
940 2557 1015 2625 pacis
1029 2556 1167 2627 etquietis
1186 2556 1275 2613 studio
1288 2558 1395 2615 dicutur
1408 2574 1470 2617 esse
1490 2562 1659 2631 complexus.
1681 2562 1734 2620 Sed

90 2626 233 2697 descripsit
250 2622 599 2690 Bornnuiusadanbbim.
613 2624 667 2691 55,
688 2624 793 2693 ortasio
809 2621 888 2679 Cres·
962 2627 1000 2681 nis
1013 2642 1076 2684 eum
1088 2629 1201 2698 prinusm
1220 2637 1324 2685 tatntum
1347 2640 1453 2703 partem
1473 2633 1626 2703 suscepisse
1638 2649 1736 2691 conce·

89 2698 203 2754 cossiano
223 2698 385 2755 collectione
395 2712 427 2753 oc
441 2696 546 2752 duobus
561 2696 702 2754 codicibus
721 2710 752 2752 se
776 2704 886 2752 nactum
958 2710 1022 2763 at,a
1035 2700 1187 2769 sucendit,
1207 2698 1282 2755 liuns
1301 2718 1349 2773 epo
1364 2702 1451 2757 libenti
1463 2704 1550 2759 uninss
1563 2706 1684 2777 suscepi,
1708 2707 1736 2762 iu

89 2786 148 2826 esse
163 2780 281 2826 testatur
291 2787 318 2825 n.
331 2770 377 2825 32.
940 2769 1013 2825 sinito
1027 2772 1192 2827 contradici?
1204 2771 1257 2829 Sed
1269 2774 1340 2844 quod
1352 2773 1534 2832 certissimum
1548 2775 1649 2832 ibidem
1661 2792 1737 2833 asse-

125 2840 162 2929 (ι)
177 2842 216 2897 lta
232 2842 315 2899 Sirm.
330 2856 382 2899 ms.
394 2841 468 2899 Alias
480 2848 581 2905 autem,
596 2839 700 2909 injuste.
939 2844 974 2896 rit
985 2842 1128 2911 Peresius,
1144 2843 1280 2901 Liberium
1297 2844 1358 2901 sed.
1372 2848 1464 2915 prime
1478 2846 1618 2903 Sirmiensi
1632 2847 1735 2903 formu·

124 2918 160 2983 ιι)
174 2914 203 2969 in
218 2930 268 2969 ms.
286 2913 359 2970 Pitb.
375 2931 425 2969 non
440 2912 553 2981 defendi.
587 2910 670 2967 Nobis
688 2912 774 2983 tnagis
788 2914 888 2984 proba·
939 2911 973 2967 lse
986 2930 1039 2968 non
1050 2915 1262 2991 subscripsisse,
1285 2915 1336 2971 hac
1346 2931 1398 2972 una
1414 2918 1518 2974 ratione
1529 2918 1595 2973 satis
1608 2918 1659 2974 lesi
1675 2935 1737 2990 pro·

89 2992 131 3040 tur
145 3002 209 3041 cum
226 2986 343 3042 Baronio
364 3003 415 3041 aon
441 2982 561 3055 defendo.
589 2981 656 3039 Nam
678 2985 749 3055 quod
771 2984 888 3042 Antiana·
939 2982 1009 3039 hat:
1031 2986 1094 3056 quia
1117 2989 1246 3047 uinnirum
1259 2987 1318 3043 hec
1335 2989 1661 3059 primaectbesisLiberii
1680 3006 1735 3047 non

88 3059 156 3113 sium
170 3068 250 3113 auton
265 3057 427 3121 detenderit,
445 3054 566 3123 pluribus
580 3065 696 3111 ernnustnt.
939 3056 1021 3113 modo
1036 3056 1256 3120 restitutionem,
1282 3059 1331 3115 sed
1352 3070 1382 3115 et
1402 3059 1526 3116 exsilium
1551 3063 1731 3133 precesserit.

123 3131 163 3203 (d)
194 3130 269 3187 Alias
283 3146 315 3185 er
331 3144 385 3185 nus.
402 3128 484 3191 l'itlr„
502 3126 634 3199 ioniique.
658 3126 696 3183 Ex
711 3128 828 3185 Barouio
841 3144 886 3187 rea
900 3146 923 3213 C
939 3126 1096 3194 Quasirero
1108 3130 1153 3200 qui
1169 3131 1263 3186 exsilio
1276 3130 1475 3187 ideomultatus
1489 3140 1558 3200 erat,
1574 3134 1644 3201 ussod
1651 3132 1735 3190 Atha·

88 3217 217 3259 vocamus
232 3202 263 3257 ub
274 3202 372 3273 utiquc,
396 3200 582 3255 crinscruieute
598 3198 680 3254 Sirm.
694 3216 744 3255 uss.

124 3274 162 3345 (e)
180 3276 243 3330 llaec
253 3276 331 3328 nerlu
346 3274 525 3329 characteres
539 3270 782 3329 condedi-tincto
797 3271 887 3339 expri-

91 3348 125 3399 mi
144 3346 248 3411 prinrus
262 3350 366 3403 curarit
381 3344 483 3409 Faber3
500 3358 530 3399 ea
546 3348 636 3397 tamen
648 3354 676 3397 ut
690 3342 791 3399 Liberii
804 3346 868 3399 iutel

89 3416 154 3472 lesit
170 3418 313 3483 Boronius,
333 3426 505 3486 ueuuecerto
516 3421 624 3469 constal
635 3432 668 3469 au
686 3431 739 3477 sion
755 3416 829 3471 illins
842 3431 886 3473 rc·

88 3491 229 3545 mmmm.

121 3560 157 3631 (f)
173 3560 253 3631 apnn
270 3560 383 3625 Basore,
396 3570 482 3614 emoto
494 3556 649 3625 Athenariu,
670 3575 748 3629 super
761 3575 811 3627 quo
832 3570 886 3615 slu-

87 3641 140 3685 lutn
153 3635 270 3687 omnium
284 3644 395 3687 uestrum
412 3650 428 3687 n
448 3648 488 3687 suc
505 3646 563 3685 cuns
582 3632 641 3686 sede
655 3632 797 3701 apostolico
808 3634 886 3687 susci·

86 3704 180 3775 pieudu
194 3714 262 3769 suist,
274 3706 342 3767 dico,
354 3715 406 3760 etc.
421 3720 429 3771 ;
442 3712 467 3759 ct
482 3718 543 3757 nsua
556 3745 562 3771 ,
573 3704 707 3771 acritatem,
724 3718 776 3758 uou
790 3705 885 3758 unani·

86 3778 211 3830 suitutesn.

122 3846 162 3918 (pl
176 3848 207 3904 lo
224 3848 426 3917 exemplaribus
439 3846 549 3903 Buronii
564 3888 572 3911 ,
602 3862 642 3901 nie
652 3862 736 3901 orrum
748 3846 826 3915 fideus
841 3864 887 3915 per

89 3917 155 3973 iasine
168 3920 305 3988 epistolum
319 3936 402 3975 meum
417 3918 546 3989 proloqui.
570 3917 666 3973 Postea
686 3916 834 3973 desiderari
848 3920 885 3973 ti-

88 3989 178 4051 detur,
193 3991 423 4063 quampropesuit.

123 4062 163 4130 (b)
187 4062 216 4119 bs
241 4068 315 4133 prius
337 4065 379 4117 nul
400 4063 450 4117 :uis
476 4060 789 4116 desideratureestruna.
813 4062 884 4130 qood

85 4136 245 4202 stuppleunts
266 4151 300 4190 ex
317 4150 367 4189 nts.
381 4078 457 4189 iilia.
486 4132 549 4202 lijus
564 4132 624 4186 loco
639 4133 665 4185 in
680 4146 745 4187 usss.
761 4130 844 4187 Sirra.
859 4141 886 4189 et

86 4203 186 4261 nnnnn.
203 4214 291 4261 exstat
304 4222 398 4261 uerusu.

121 4276 154 4349 (i)
177 4278 250 4334 llsnnc
261 4286 362 4342 notans,
373 4294 404 4333 ex
417 4293 468 4347 qna
481 4276 595 4331 sntaxima
609 4274 681 4330 inter
694 4273 886 4331 eruditoscon-

89 4351 223 4405 troversia
240 4361 300 4403 uata
316 4358 367 4411 est,
381 4350 478 4405 liarou.
495 4348 528 4403 nd
544 4362 589 4401 ans.
600 4348 664 4413 557,
678 4362 705 4400 ιι.
716 4345 762 4413 bi,
775 4356 885 4414 praetcr-

86 4424 172 4476 misit.
186 4420 214 4475 ln
230 4422 378 4493 appendice
395 4432 482 4477 tarsren
500 4418 671 4489 postunnlutn
686 4416 884 4484 condessnsest,

939 3201 1016 3255 assisio
1030 3216 1063 3257 sc
1076 3201 1137 3257 lidei
1150 3200 1268 3258 Niceros
1277 3203 1438 3266 adhaerens,
1457 3219 1540 3259 noras
1552 3204 1732 3262 Orientalium

938 3270 1069 3328 iorurulas
1083 3274 1199 3342 probare
1214 3287 1366 3330 recusasset
1378 3292 1386 3340 ς
1410 3291 1464 3331 non
1476 3274 1503 3331 id
1516 3291 1597 3332 omne
1608 3292 1680 3332 nssne
1690 3278 1732 3333 ei-

937 3342 1010 3399 iiciat
1024 3384 1032 3405 ,
1057 3344 1131 3401 uude
1143 3347 1178 3401 ab
1191 3346 1287 3403 exsilio
1297 3357 1438 3403 revocetur
1451 3388 1459 3407 ,
1476 3348 1540 3403 ditm
1551 3360 1579 3403 et
1590 3346 1735 3406 Athanasii

937 3429 1046 3471 cenosam
1060 3417 1245 3483 se'deserere,
1261 3427 1287 3473 et
1301 3417 1441 3473 Sirmiensi
1455 3416 1518 3474 iudei
1532 3430 1624 3475 contra
1638 3418 1733 3475 Photi-

937 3502 1013 3554 ussus,
1030 3502 1100 3557 spatae,
1117 3505 1178 3543 cusu
1190 3490 1324 3561 relegatus
1334 3500 1386 3555 est,
1402 3490 1633 3560 apudOricutaies
1643 3494 1733 3549 trevis-

937 3558 1005 3613 sima
1019 3570 1088 3623 erat,
1102 3574 1132 3615 se
1146 3560 1340 3631 subscripsisse
1353 3565 1520 3618 testiticatnr.

973 3628 1150 3687 Gravioribus
1158 3634 1301 3689 strumentis
1315 3632 1410 3689 nititur
1420 3634 1520 3705 rupium,
1535 3649 1589 3704 uua
1600 3633 1734 3692 baronius

938 3701 1038 3771 aliique
1049 3702 1186 3759 liberium
1196 3704 1322 3761 secundae
1331 3707 1434 3761 ecthesi
1446 3707 1734 3776 sirmiensisntoerip·

938 3776 1007 3829 sisse
1019 3784 1125 3845 surgant.
1141 3776 1231 3831 l’rium
1244 3779 1317 3831 enim
1352 3776 1439 3831 nando
1448 3777 1505 3833 bec
1516 3778 1668 3845 cornminus
1681 3786 1732 3843 est,

936 3844 991 3915 jam
1006 3844 1111 3901 obierat
1125 3846 1304 3911 Tlseodorus;
1384 3849 1475 3917 ropius
1490 3862 1569 3913 sero,
1584 3848 1732 3917 Eudoxias,

938 3924 1005 3982 etc,
1022 3916 1123 3971 Sirmio
1137 3918 1268 3981 alterants
1282 3918 1390 3973 demum
1412 3919 1437 3973 ei
1450 3918 1484 3974 ad
1498 3934 1529 3973 se
1545 3918 1641 3973 delate
1656 3934 1734 3975 acer-

938 3985 1008 4043 rime
1020 3987 1152 4042 ndiemati
1174 3998 1237 4045 sunu
1253 3988 1376 4054 Basilius,
1389 3988 1577 4053 llacedonius,
1591 3989 1729 4055 Silrauus,

938 4066 992 4113 etc.
1006 4068 1174 4126 nuostameu
1189 4076 1285 4116 omnes
1298 4060 1367 4115 itnlra
1381 4060 1512 4115 babemus
1530 4062 1590 4129 ejus
1611 4062 1734 4117 tornetas

937 4144 997 4186 csse
1011 4140 1145 4197 auctores,
1160 4133 1202 4186 cui
1225 4148 1255 4187 se
1267 4134 1438 4189 consensisse
1455 4130 1665 4188 (licitinberius.
1690 4132 1732 4188 sd

938 4200 997 4258 baec
1011 4202 1141 4257 reclamat
1153 4202 1297 4264 Petanios,
1314 4202 1463 4272 subjectam
1482 4202 1658 4273 appendicem
1678 4218 1734 4259 ison

938 4274 972 4329 ab
987 4273 1100 4339 iiiisrio,
1114 4273 1161 4329 sed
1177 4274 1212 4329 ab
1226 4275 1347 4343 homine,
1366 4274 1415 4343 ossi
1426 4274 1534 4331 driauac
1546 4284 1628 4329 sectae
1640 4273 1733 4329 disor-

939 4353 974 4401 ιιιι
990 4346 1126 4411 nesciret,
1142 4344 1224 4401 luisse
1234 4345 1363 4401 additam.
1377 4345 1416 4401 lta
1427 4346 1508 4403 etism
1520 4345 1633 4402 verbum
1646 4346 1731 4417 requi·

937 4418 1046 4471 seudum
1057 4457 1065 4482 ,
1077 4414 1148 4486 nued
1161 4416 1190 4471 iu
1203 4418 1287 4490 ipsius
1301 4416 1355 4475 bne
1371 4425 1477 4483 exstat,
1490 4419 1516 4473 in
1530 4419 1643 4489 gratiam
1654 4416 1733 4473 Pela·

88 4495 213 4549 cassidem
229 4510 259 4553 se
274 4496 299 4547 iu
315 4493 452 4549 Cresconii
468 4492 628 4547 collectione
642 4488 785 4559 reperisse.
800 4488 885 4545 Porro
938 4493 1025 4543 vianae
1046 4489 1189 4546 sententiae
1206 4492 1399 4562 interpretatur
1413 4506 1568 4556 ιιοιιιιοιιιιις
1590 4488 1668 4560 quasi
1682 4488 1732 4544 ad·

85 4580 147 4620 cunn
171 4568 267 4635 triplex
286 4566 320 4621 sit
332 4563 489 4619 Sirntiensis
504 4562 634 4629 trsruusla,
657 4562 742 4631 prima
758 4576 804 4616 an.
831 4563 882 4619 551
901 4540 1081 4616 Dditameuti
1093 4560 1173 4628 liujus
1186 4572 1283 4618 auctor
1297 4563 1417 4617 incertas
1429 4577 1462 4618 ac
1475 4561 1590 4625 dubius,
1616 4575 1675 4617 retu
1690 4570 1734 4615 to·

84 4648 181 4691 cntntru
195 4636 337 4695 l'lsotlnum
350 4638 459 4705 scripta,
473 4638 557 4690 altera
573 4632 629 4691 Osii
643 4630 753 4687 sartsuine
767 4647 812 4687 an.
832 4634 885 4689 bit

85 4709 216 4777 vulgata,
242 4720 376 4778 postrema
392 4722 486 4765 tttestsc
497 4706 567 4762 bisin
578 4722 623 4761 an.
650 4704 702 4761 559
720 4704 811 4769 edita;
832 4704 886 4761 dis-

84 4790 183 4907 putant
207 4780 323 4845 eruditi,
352 4796 433 4849 npuam
459 4778 503 4833 bic
525 4778 650 4834 Liberius
676 4790 706 4831 se
734 4778 888 4847 suscepisse

104 4853 168 4907 icat.

121 4924 204 4979 Solus
215 4922 349 4987 vellesius,
362 4918 825 4977 artisnsdscrsionibusioSozonseui
841 4920 887 4975 lib.

85 5010 134 5061 tr,
154 5012 180 5053 c.
196 4994 241 5059 tt,
261 4996 399 5051 existimat
418 4992 524 5049 tertiam
552 4991 596 5048 bic
614 4991 779 5057 memor-nrm
805 5006 885 5061 natam

86 5068 263 5122 interomnes
277 5068 333 5122 iere
343 5062 595 5121 crnuvouitnouduui
609 5061 809 5125 luissceditant,
824 5078 885 5117 cum

86 5138 145 5192 lnaee
162 5139 285 5195 Liberius
295 5140 437 5193 scriberet.
449 5137 502 5191 tilii
514 5136 622 5205 quidem
634 5148 657 5187 ar
667 5134 800 5188 initiantur
812 5134 885 5188 illum

84 5210 208 5267 srdltnisse
223 5210 327 5275 Sirmii,
350 5224 410 5265 cunr
422 5208 459 5263 ibi
475 5206 602 5277 psraedicla
619 5202 732 5259 itumrnla
744 5205 816 5261 editu
830 5213 884 5271 est,

85 5282 168 5351 eique
177 5280 371 5343 subscripsisse
385 5297 392 5335 s
416 5280 462 5335 sed
478 5294 538 5333 eum
550 5278 614 5333 illuc
628 5289 681 5329 nou
696 5276 745 5330 nisi
760 5274 886 5331 Orienta-

85 5350 152 5407 lium
166 5353 257 5409 inrore
272 5352 308 5407 sit
321 5362 451 5419 vocotus,
477 5364 564 5417 nenne
585 5348 653 5402 hanc
671 5348 705 5401 ab
718 5348 758 5403 eis
770 5348 884 5413 gratiam

84 5424 139 5481 uisi
153 5426 203 5483 isac
217 5425 330 5495 epistola
341 5424 511 5492 isnpetrarit;
527 5434 640 5477 steecssc
653 5430 694 5475 cst
706 5428 733 5472 ut
749 5416 886 5499 lidem'hic

84 5512 115 5551 se
133 5495 208 5551 dicat
229 5497 382 5565 suscepisse
393 5494 492 5560 aliam,
511 5507 591 5563 quarn
607 5506 666 5562 quae
679 5503 739 5545 cum
756 5490 886 5545 Sirmium

84 5571 213 5639 pervenit
225 5566 297 5623 edita
311 5576 362 5623 est.
727 5629 733 5642 ι

123 5638 284 5695 Blostdellus
298 5638 397 5705 aliique
411 5638 501 5706 plures
512 5634 606 5691 rolutnt
622 5676 629 5701 ‚
644 5632 782 5687 Libertum
798 5628 832 5687 de
844 5646 888 5689 se-

84 5714 175 5767 cunda
191 5710 334 5765 Sirmiensi
349 5709 461 5763 trnrnnnla
479 5706 568 5778 intuiti.
582 5715 637 5761 tunt
652 5704 714 5775 quia
725 5702 793 5755 bauo
807 5718 886 5785 tinans

104 5780 211 5837 erlidius
227 5780 336 5835 isrsrniue
347 5788 423 5834 notul
437 5779 572 5843 lliiarius,
589 5792 649 5832 cunt
663 5784 756 5831 cointra
775 5788 888 5841 prtntaatu

85 5798 135 5907 iun
151 5853 185 5907 de
197 5850 315 5921 Synodis
330 5852 425 5921 probet
439 5860 584 5907 etexcusct
596 5864 603 5915 3
617 5858 673 5903 tum
688 5846 748 5917 uuio
762 5842 888 5903 Liberius

941 4640 996 4688 tam
1009 4632 1167 4703 diligentius
1181 4635 1372 4689 excutiendam
1392 4632 1443 4688 lasne
1457 4632 1549 4689 nunsula
1562 4632 1734 4688 adntoueret.

941 4704 996 4761 Sed
1018 4719 1067 4767 pro
1090 4704 1169 4774 brujus
1193 4704 1351 4774 appendicis
1364 4706 1478 4760 ueritate
1486 4704 1564 4759 adest
1578 4720 1632 4760 non
1646 4704 1734 4760 solunt

943 4792 994 4831 ms.
1021 4774 1166 4843 Pithoemt,
1181 4780 1228 4832 sed
1241 4788 1269 4833 et
1282 4777 1471 4833 crescentianae
1484 4775 1653 4831 collectionis
1670 4790 1736 4831 suc-

945 4848 1049 4903 turitas.
1070 4846 1164 4915 Neque
1183 4850 1273 4902 auium
1294 4848 1448 4909 succurrit,
1471 4862 1554 4919 aquo
1564 4856 1595 4904 et
1606 4863 1686 4919 quam
1699 4848 1733 4901 ob

944 4932 1054 4974 causam
1070 4928 1108 4973 tot
1118 4920 1238 4989 episcopi
1254 4919 1415 4983 escouitati:
1441 4934 1556 4991 quorum
1571 4920 1678 4975 nonsina
1696 4920 1737 4972 iu·

946 4992 1140 5059 terpolatorem
1162 5006 1251 5045 rerum
1267 4991 1427 5046 briaitarum
1454 4991 1548 5047 undem
1567 4996 1593 5045 el
1616 4990 1737 5058 proiecto

939 5077 992 5116 non
1005 5063 1128 5127 sordent,
1152 5063 1197 5131 ursi
1217 5062 1352 5117 Liberium
1364 5061 1507 5119 Sirnsietssi
1519 5060 1579 5115 lidei
1603 5063 1666 5115 atini
1682 5060 1732 5115 555

939 5133 1134 5202 sttbscripsisse
1146 5130 1283 5189 deiendet.
1300 5133 1377 5201 Qrsosi
1385 5133 1418 5187 ad
1426 5133 1538 5188 sernum
1550 5131 1734 5203 requirendum

939 5206 1047 5271 attinet,
1061 5206 1220 5260 amanuensi
1229 5205 1296 5260 alias
1306 5206 1388 5259 etiam
1399 5206 1555 5259 dormitanti
1569 5200 1683 5269 proelio
1699 5204 1735 5255 ir·

939 5277 1058 5345 repsisse
1073 5275 1152 5333 iacilc
1166 5278 1318 5347 comitatum
1343 5278 1460 5332 maxime
1473 5290 1534 5330 cum
1544 5272 1673 5343 ejusloco
1683 5270 1736 5354 tsn-

940 5350 1034 5404 ronius
1047 5351 1073 5402 iu
1085 5362 1150 5403 mss.
1167 5350 1224 5403 suis
1236 5348 1368 5418 repererit
1379 5357 1404 5403 et
1414 5346 1472 5403 eiii.
1492 5346 1549 5400 iisse
1560 5344 1672 5399 uerbum
1683 5345 1734 5400 ah·

939 5429 981 5475 ter
1005 5421 1124 5488 explicat
1137 5418 1296 5487 Salmasius,
1311 5421 1381 5474 notis
1405 5420 1432 5475 in
1447 5414 1606 5474 Tertulliani
1630 5417 1680 5474 lib.
1698 5413 1735 5471 de

942 5492 1029 5549 Pallio
1041 5508 1068 5564 p.
1080 5492 1147 5549 lib.
1168 5500 1206 5547 Ac
1218 5492 1305 5562 primo
1318 5490 1428 5559 uiridem
1439 5488 1564 5545 obsecrat
1575 5528 1582 5549 ,
1593 5488 1735 5567 'antiquos

942 5562 1069 5621 librarios
1088 5564 1204 5619 litteram
1218 5580 1233 5616 s
1246 5564 1279 5617 iis
1305 5560 1372 5615 locis
1393 5574 1530 5628 apponere
1548 5558 1644 5613 solutos
1658 5572 1732 5626 esse,

942 5636 1041 5707 quibus
1065 5634 1165 5704 alxmrid
1189 5633 1296 5687 deesset
1315 5629 1349 5684 acl
1376 5630 1518 5687 moderatis.
1541 5628 1736 5700 iutegritatem,

943 5706 1014 5777 quad
1031 5706 1129 5777 reqnniri
1144 5705 1293 5761 deberetet
1305 5702 1473 5771 investigari.
1493 5699 1577 5771 Cujus
1587 5701 1626 5755 rei
1640 5716 1734 5757 esctu-

943 5780 987 5849 pla
1003 5776 1117 5847 singtilis
1132 5777 1187 5831 lere
1201 5774 1303 5844 pstgisris
1317 5772 1429 5827 exbibet
1441 5772 1568 5843 antiquus
1583 5782 1610 5840 et
1623 5786 1736 5841 accurra-

944 5858 988 5907 ttts
1011 5848 1096 5903 cadet
1114 5845 1222 5915 Maioris
1236 5842 1393 5899 morrnstsrii
1408 5842 1510 5900 Toron.
1525 5843 1671 5915 plerusque
1691 5841 1738 5897 lit-
