<?xml version="1.0" encoding="UTF-8"?>
<!DOCTYPE html PUBLIC "-//W3C//DTD XHTML 1.0 Transitional//EN"
    "http://www.w3.org/TR/xhtml1/DTD/xhtml1-transitional.dtd">
<html xmlns="http://www.w3.org/1999/xhtml" xml:lang="en" lang="en">
 <head>
  <title>
</title>
<meta http-equiv="Content-Type" content="text/html;charset=utf-8" />
  <meta name='ocr-system' content='tesseract 3.04.00' />
  <meta name='ocr-capabilities' content='ocr_page ocr_carea ocr_par ocr_line ocrx_word'/>
</head>
<body>
  <div class='ocr_page' id='page_1' title='image "./patrologiaecurs197unkngoog/patrologiaecurs197unkngoog_0447.png"; bbox 0 0 4017 6317; ppageno 0'>
   <div class='ocr_carea' id='block_1_1' title="bbox 68 310 1709 382">
    <p class='ocr_par' dir='ltr' id='par_1_1' title="bbox 68 310 1709 382">
     <span class='ocr_line' id='line_1_1' title="bbox 68 310 1709 382; baseline 0.021 -22"><span class='ocrx_word' id='word_1_1' title='bbox 68 322 117 382; x_wconf 64' lang='lat' dir='ltr'><strong>qq</strong></span> <span class='ocrx_word' id='word_1_2' title='bbox 631 316 767 375; x_wconf 68' lang='lat' dir='ltr'><strong>utconlu</strong></span> <span class='ocrx_word' id='word_1_3' title='bbox 789 310 891 371; x_wconf 81' lang='lat' dir='ltr'><strong>ruem</strong></span> <span class='ocrx_word' id='word_1_4' title='bbox 911 314 1105 376; x_wconf 77' lang='lat' dir='ltr'><strong>russelun.</strong></span> <span class='ocrx_word' id='word_1_5' title='bbox 1656 320 1709 378; x_wconf 75' lang='lat'><strong>89⁰</strong></span> 
     </span>
    </p>
   </div>
   <div class='ocr_carea' id='block_1_2' title="bbox 63 425 1715 3031">
    <p class='ocr_par' dir='ltr' id='par_1_2' title="bbox 63 425 1715 3031">
     <span class='ocr_line' id='line_1_2' title="bbox 67 425 1710 509; baseline -0.003 -14"><span class='ocrx_word' id='word_1_6' title='bbox 67 438 180 509; x_wconf 74' lang='lat' dir='ltr'><strong>acutique</strong></span> <span class='ocrx_word' id='word_1_7' title='bbox 194 432 301 505; x_wconf 86' lang='lat' dir='ltr'><strong>pietntis</strong></span> <span class='ocrx_word' id='word_1_8' title='bbox 321 446 353 490; x_wconf 89' lang='lat' dir='ltr'><strong>oc</strong></span> <span class='ocrx_word' id='word_1_9' title='bbox 373 432 533 489; x_wconf 82' lang='lat' dir='ltr'><strong>constantin</strong></span> <span class='ocrx_word' id='word_1_10' title='bbox 556 432 778 497; x_wconf 86' lang='lat' dir='ltr'><strong>studiosissimo,</strong></span> <span class='ocrx_word' id='word_1_11' title='bbox 801 425 952 497; x_wconf 86' lang='lat' dir='ltr'><strong>nonAne,</strong></span> <span class='ocrx_word' id='word_1_12' title='bbox 965 441 1069 491; x_wconf 89' lang='lat' dir='ltr'><strong>uteum</strong></span> <span class='ocrx_word' id='word_1_13' title='bbox 1095 434 1219 509; x_wconf 69' lang='lat' dir='ltr'><strong>indigitat</strong></span> <span class='ocrx_word' id='word_1_14' title='bbox 1243 435 1432 497; x_wconf 69' lang='lat' dir='ltr'><strong>Nazianzenus</strong></span> <span class='ocrx_word' id='word_1_15' title='bbox 1451 434 1511 509; x_wconf 85' lang='lat' dir='ltr'><strong>(dr.</strong></span> <span class='ocrx_word' id='word_1_16' title='bbox 1526 450 1586 505; x_wconf 83' lang='lat' dir='ltr'><strong>rsa,</strong></span> <span class='ocrx_word' id='word_1_17' title='bbox 1600 452 1628 491; x_wconf 87' lang='lat' dir='ltr'><strong>u.</strong></span> <span class='ocrx_word' id='word_1_18' title='bbox 1649 431 1710 508; x_wconf 73' lang='lat' dir='ltr'><strong>id),</strong></span> 
     </span>
     <span class='ocr_line' id='line_1_3' title="bbox 67 522 1711 601; baseline 0 -18"><span class='ocrx_word' id='word_1_19' title='bbox 67 538 150 601; x_wconf 86' lang='lat' dir='ltr'><strong>potest</strong></span> <span class='ocrx_word' id='word_1_20' title='bbox 165 542 217 583; x_wconf 94' lang='lat' dir='ltr'><strong>non</strong></span> <span class='ocrx_word' id='word_1_21' title='bbox 231 526 410 598; x_wconf 77' lang='lat' dir='ltr'><strong>gratisdurum</strong></span> <span class='ocrx_word' id='word_1_22' title='bbox 426 540 487 583; x_wconf 89' lang='lat' dir='ltr'><strong>esse</strong></span> <span class='ocrx_word' id='word_1_23' title='bbox 501 526 604 595; x_wconf 91' lang='lat' dir='ltr'><strong>antiqui</strong></span> <span class='ocrx_word' id='word_1_24' title='bbox 616 526 757 598; x_wconf 88' lang='lat' dir='ltr'><strong>scriptoris</strong></span> <span class='ocrx_word' id='word_1_25' title='bbox 770 522 853 589; x_wconf 86' lang='lat' dir='ltr'><strong>Galli,</strong></span> <span class='ocrx_word' id='word_1_26' title='bbox 909 526 1001 581; x_wconf 79' lang='lat' dir='ltr'><strong>ardico</strong></span> <span class='ocrx_word' id='word_1_27' title='bbox 1015 535 1062 591; x_wconf 67' lang='lat' dir='ltr'><strong>cir</strong></span> <span class='ocrx_word' id='word_1_28' title='bbox 1074 530 1207 595; x_wconf 54' lang='lat' dir='ltr'><strong>intuetur</strong></span> <span class='ocrx_word' id='word_1_29' title='bbox 1231 535 1405 599; x_wconf 82' lang='lat' dir='ltr'><strong>verebantur,</strong></span> <span class='ocrx_word' id='word_1_30' title='bbox 1425 527 1560 587; x_wconf 72' lang='lat' dir='ltr'><strong>curriculis</strong></span> <span class='ocrx_word' id='word_1_31' title='bbox 1579 528 1607 583; x_wconf 92' lang='lat' dir='ltr'><strong>id</strong></span> <span class='ocrx_word' id='word_1_32' title='bbox 1629 540 1711 597; x_wconf 71' lang='lat' dir='ltr'><strong>agero</strong></span> 
     </span>
     <span class='ocr_line' id='line_1_4' title="bbox 67 617 1711 695; baseline -0.001 -19"><span class='ocrx_word' id='word_1_33' title='bbox 67 621 261 691; x_wconf 77' lang='lat' dir='ltr'><strong>Tbeulugorum</strong></span> <span class='ocrx_word' id='word_1_34' title='bbox 276 620 320 687; x_wconf 74' lang='lat' dir='ltr'><strong>«qui</strong></span> <span class='ocrx_word' id='word_1_35' title='bbox 337 620 363 672; x_wconf 90' lang='lat' dir='ltr'><strong>iu</strong></span> <span class='ocrx_word' id='word_1_36' title='bbox 379 617 526 675; x_wconf 73' lang='lat' dir='ltr'>Occidente</span> <span class='ocrx_word' id='word_1_37' title='bbox 541 617 692 675; x_wconf 70' lang='lat' dir='ltr'><strong>dnurnuruuc</strong></span> <span class='ocrx_word' id='word_1_38' title='bbox 711 618 856 675; x_wconf 78' lang='lat' dir='ltr'><strong>odeberti·</strong></span> <span class='ocrx_word' id='word_1_39' title='bbox 908 624 1077 683; x_wconf 83' lang='lat' dir='ltr'><strong>statuerunt,</strong></span> <span class='ocrx_word' id='word_1_40' title='bbox 1104 624 1246 694; x_wconf 67' lang='lat' dir='ltr'><strong>ipsumque</strong></span> <span class='ocrx_word' id='word_1_41' title='bbox 1262 625 1440 682; x_wconf 74' lang='lat' dir='ltr'><strong>Athanasium</strong></span> <span class='ocrx_word' id='word_1_42' title='bbox 1455 626 1481 678; x_wconf 93' lang='lat' dir='ltr'><strong>iu</strong></span> <span class='ocrx_word' id='word_1_43' title='bbox 1503 623 1597 695; x_wconf 87' lang='lat' dir='ltr'><strong>primis</strong></span> <span class='ocrx_word' id='word_1_44' title='bbox 1612 621 1711 678; x_wconf 74' lang='lat' dir='ltr'><strong>trillen-</strong></span> 
     </span>
     <span class='ocr_line' id='line_1_5' title="bbox 66 709 1711 793; baseline 0.001 -21"><span class='ocrx_word' id='word_1_45' title='bbox 66 720 100 772; x_wconf 90' lang='lat' dir='ltr'><strong>mi</strong></span> <span class='ocrx_word' id='word_1_46' title='bbox 110 728 141 770; x_wconf 87' lang='lat' dir='ltr'><strong>nc</strong></span> <span class='ocrx_word' id='word_1_47' title='bbox 154 711 336 781; x_wconf 67' lang='lat' dir='ltr'><strong>discussioni,</strong></span> <span class='ocrx_word' id='word_1_48' title='bbox 352 714 523 785; x_wconf 79' lang='lat' dir='ltr'><strong>excelsosque</strong></span> <span class='ocrx_word' id='word_1_49' title='bbox 546 713 662 778; x_wconf 83' lang='lat' dir='ltr'><strong>arboris,</strong></span> <span class='ocrx_word' id='word_1_50' title='bbox 687 721 718 769; x_wconf 92' lang='lat' dir='ltr'><strong>ut</strong></span> <span class='ocrx_word' id='word_1_51' title='bbox 732 726 858 769; x_wconf 79' lang='lat' dir='ltr'><strong>ettttt·t&#39;0·</strong></span> <span class='ocrx_word' id='word_1_52' title='bbox 908 709 972 765; x_wconf 79' lang='lat' dir='ltr'><strong>ditm</strong></span> <span class='ocrx_word' id='word_1_53' title='bbox 985 714 1218 787; x_wconf 85' lang='lat' dir='ltr'><strong>evertendumque</strong></span> <span class='ocrx_word' id='word_1_54' title='bbox 1228 722 1415 789; x_wconf 83' lang='lat' dir='ltr'><strong>susceperunt.</strong></span> <span class='ocrx_word' id='word_1_55' title='bbox 1429 718 1500 793; x_wconf 79' lang='lat' dir='ltr'><strong>ilinc</strong></span> <span class='ocrx_word' id='word_1_56' title='bbox 1514 717 1569 773; x_wconf 73' lang='lat' dir='ltr'><strong>illm</strong></span> <span class='ocrx_word' id='word_1_57' title='bbox 1581 715 1616 771; x_wconf 87' lang='lat' dir='ltr'><strong>dc</strong></span> <span class='ocrx_word' id='word_1_58' title='bbox 1628 712 1711 770; x_wconf 82' lang='lat' dir='ltr'><strong>Arse·</strong></span> 
     </span>
     <span class='ocr_line' id='line_1_6' title="bbox 66 802 1709 882; baseline 0.001 -19"><span class='ocrx_word' id='word_1_59' title='bbox 66 817 108 865; x_wconf 87' lang='lat' dir='ltr'><strong>ent</strong></span> <span class='ocrx_word' id='word_1_60' title='bbox 129 807 158 862; x_wconf 86' lang='lat' dir='ltr'><strong>tt.</strong></span> <span class='ocrx_word' id='word_1_61' title='bbox 175 805 354 879; x_wconf 83' lang='lat' dir='ltr'><strong>llierouynuus</strong></span> <span class='ocrx_word' id='word_1_62' title='bbox 367 804 478 879; x_wconf 81' lang='lat' dir='ltr'><strong>(Gmnur.</strong></span> <span class='ocrx_word' id='word_1_63' title='bbox 493 807 521 861; x_wconf 88' lang='lat' dir='ltr'><strong>in</strong></span> <span class='ocrx_word' id='word_1_64' title='bbox 542 803 608 861; x_wconf 79' lang='lat' dir='ltr'><strong>Eaui</strong></span> <span class='ocrx_word' id='word_1_65' title='bbox 621 822 645 861; x_wconf 86' lang='lat' dir='ltr'><strong>c.</strong></span> <span class='ocrx_word' id='word_1_66' title='bbox 659 805 715 879; x_wconf 81' lang='grc' dir='ltr'>ιι),</span> <span class='ocrx_word' id='word_1_67' title='bbox 730 818 781 875; x_wconf 85' lang='lat' dir='ltr'><strong>quo</strong></span> <span class='ocrx_word' id='word_1_68' title='bbox 793 802 858 859; x_wconf 78' lang='lat' dir='ltr'><strong>sedi·</strong></span> <span class='ocrx_word' id='word_1_69' title='bbox 909 803 955 861; x_wconf 85' lang='lat' dir='ltr'><strong>uin</strong></span> <span class='ocrx_word' id='word_1_70' title='bbox 968 804 1123 881; x_wconf 82' lang='lat' dir='ltr'><strong>interiecto,</strong></span> <span class='ocrx_word' id='word_1_71' title='bbox 1150 819 1179 865; x_wconf 93' lang='lat' dir='ltr'><strong>et</strong></span> <span class='ocrx_word' id='word_1_72' title='bbox 1200 808 1340 869; x_wconf 80' lang='lat' dir='ltr'><strong>crtrnlracto</strong></span> <span class='ocrx_word' id='word_1_73' title='bbox 1352 812 1439 868; x_wconf 91' lang='lat' dir='ltr'><strong>calice</strong></span> <span class='ocrx_word' id='word_1_74' title='bbox 1461 809 1547 867; x_wconf 90' lang='lat' dir='ltr'><strong>saeris</strong></span> <span class='ocrx_word' id='word_1_75' title='bbox 1571 808 1709 882; x_wconf 74' lang='lat' dir='ltr'><strong>mysteriis</strong></span> 
     </span>
     <span class='ocr_line' id='line_1_7' title="bbox 66 897 1711 979; baseline 0.004 -24"><span class='ocrx_word' id='word_1_76' title='bbox 66 900 139 955; x_wconf 83' lang='lat' dir='ltr'><strong>luceto</strong></span> <span class='ocrx_word' id='word_1_77' title='bbox 153 910 194 955; x_wconf 85' lang='lat' dir='ltr'><strong>est</strong></span> <span class='ocrx_word' id='word_1_78' title='bbox 207 898 322 955; x_wconf 83' lang='lat' dir='ltr'><strong>ecclesio</strong></span> <span class='ocrx_word' id='word_1_79' title='bbox 340 897 397 965; x_wconf 84' lang='lat' dir='ltr'><strong>ilci,</strong></span> <span class='ocrx_word' id='word_1_80' title='bbox 418 898 451 953; x_wconf 84' lang='lat' dir='ltr'><strong>ad</strong></span> <span class='ocrx_word' id='word_1_81' title='bbox 466 898 525 955; x_wconf 85' lang='lat' dir='ltr'><strong>baec</strong></span> <span class='ocrx_word' id='word_1_82' title='bbox 536 900 617 956; x_wconf 88' lang='lat' dir='ltr'><strong>etiam</strong></span> <span class='ocrx_word' id='word_1_83' title='bbox 633 897 775 957; x_wconf 83' lang='lat' dir='ltr'><strong>lortissluui</strong></span> <span class='ocrx_word' id='word_1_84' title='bbox 790 913 857 953; x_wconf 91' lang='lat' dir='ltr'><strong>con·</strong></span> <span class='ocrx_word' id='word_1_85' title='bbox 908 899 1044 957; x_wconf 87' lang='lat' dir='ltr'><strong>destinato</strong></span> <span class='ocrx_word' id='word_1_86' title='bbox 1058 904 1220 960; x_wconf 82' lang='lat' dir='ltr'><strong>calumniae:</strong></span> <span class='ocrx_word' id='word_1_87' title='bbox 1233 921 1347 977; x_wconf 88' lang='lat' dir='ltr'><strong>quarum</strong></span> <span class='ocrx_word' id='word_1_88' title='bbox 1363 913 1498 979; x_wconf 68' lang='lat' dir='ltr'><strong>praetentu</strong></span> <span class='ocrx_word' id='word_1_89' title='bbox 1510 920 1572 961; x_wconf 93' lang='lat' dir='ltr'><strong>cum</strong></span> <span class='ocrx_word' id='word_1_90' title='bbox 1585 920 1601 959; x_wconf 91' lang='lat' dir='ltr'><strong>a</strong></span> <span class='ocrx_word' id='word_1_91' title='bbox 1616 902 1711 961; x_wconf 87' lang='lat' dir='ltr'><strong>lactio-</strong></span> 
     </span>
     <span class='ocr_line' id='line_1_8' title="bbox 66 990 1709 1066; baseline 0.003 -18"><span class='ocrx_word' id='word_1_92' title='bbox 66 992 174 1048; x_wconf 88' lang='lat' dir='ltr'><strong>lessoris</strong></span> <span class='ocrx_word' id='word_1_93' title='bbox 188 990 298 1056; x_wconf 90' lang='lat' dir='ltr'><strong>librum,</strong></span> <span class='ocrx_word' id='word_1_94' title='bbox 314 990 349 1047; x_wconf 89' lang='lat' dir='ltr'><strong>de</strong></span> <span class='ocrx_word' id='word_1_95' title='bbox 358 990 518 1062; x_wconf 78' lang='lat' dir='ltr'><strong>pravissima</strong></span> <span class='ocrx_word' id='word_1_96' title='bbox 530 993 652 1049; x_wconf 90' lang='lat' dir='ltr'><strong>omnium</strong></span> <span class='ocrx_word' id='word_1_97' title='bbox 665 1006 726 1065; x_wconf 86' lang='lat' dir='ltr'><strong>quae</strong></span> <span class='ocrx_word' id='word_1_98' title='bbox 740 1005 857 1063; x_wconf 87' lang='lat' dir='ltr'><strong>unquam</strong></span> <span class='ocrx_word' id='word_1_99' title='bbox 908 991 948 1047; x_wconf 91' lang='lat' dir='ltr'><strong>sis</strong></span> <span class='ocrx_word' id='word_1_100' title='bbox 970 992 1131 1064; x_wconf 88' lang='lat' dir='ltr'><strong>depositus,</strong></span> <span class='ocrx_word' id='word_1_101' title='bbox 1157 995 1385 1066; x_wconf 88' lang='lat' dir='ltr'><strong>imperatorisque</strong></span> <span class='ocrx_word' id='word_1_102' title='bbox 1409 998 1521 1055; x_wconf 87' lang='lat' dir='ltr'><strong>decreto</strong></span> <span class='ocrx_word' id='word_1_103' title='bbox 1545 998 1572 1053; x_wconf 95' lang='lat' dir='ltr'><strong>iu</strong></span> <span class='ocrx_word' id='word_1_104' title='bbox 1598 998 1709 1053; x_wconf 84' lang='lat' dir='ltr'><strong>esilimu</strong></span> 
     </span>
     <span class='ocr_line' id='line_1_9' title="bbox 65 1083 1710 1157; baseline 0.002 -14"><span class='ocrx_word' id='word_1_105' title='bbox 65 1084 91 1143; x_wconf 91' lang='lat' dir='ltr'><strong>iu</strong></span> <span class='ocrx_word' id='word_1_106' title='bbox 112 1085 230 1143; x_wconf 85' lang='lat' dir='ltr'><strong>Ecclesia</strong></span> <span class='ocrx_word' id='word_1_107' title='bbox 250 1083 359 1141; x_wconf 89' lang='lat' dir='ltr'><strong>luerunt</strong></span> <span class='ocrx_word' id='word_1_108' title='bbox 372 1086 557 1143; x_wconf 81' lang='lat' dir='ltr'><strong>cointraversia</strong></span> <span class='ocrx_word' id='word_1_109' title='bbox 571 1091 713 1157; x_wconf 90' lang='lat' dir='ltr'><strong>scriptum,</strong></span> <span class='ocrx_word' id='word_1_110' title='bbox 740 1094 801 1157; x_wconf 88' lang='lat' dir='ltr'><strong>post</strong></span> <span class='ocrx_word' id='word_1_111' title='bbox 818 1094 859 1143; x_wconf 89' lang='lat' dir='ltr'><strong>tot</strong></span> <span class='ocrx_word' id='word_1_112' title='bbox 909 1085 1010 1144; x_wconf 89' lang='lat' dir='ltr'><strong>missus</strong></span> <span class='ocrx_word' id='word_1_113' title='bbox 1022 1094 1107 1155; x_wconf 91' lang='lat' dir='ltr'><strong>esset,</strong></span> <span class='ocrx_word' id='word_1_114' title='bbox 1119 1096 1193 1145; x_wconf 88' lang='lat' dir='ltr'><strong>totus</strong></span> <span class='ocrx_word' id='word_1_115' title='bbox 1207 1089 1281 1145; x_wconf 92' lang='lat' dir='ltr'><strong>orbis</strong></span> <span class='ocrx_word' id='word_1_116' title='bbox 1295 1091 1364 1148; x_wconf 80' lang='lat' dir='ltr'><strong>tenti</strong></span> <span class='ocrx_word' id='word_1_117' title='bbox 1392 1091 1444 1147; x_wconf 86' lang='lat' dir='ltr'><strong>riri</strong></span> <span class='ocrx_word' id='word_1_118' title='bbox 1468 1106 1533 1149; x_wconf 90' lang='lat' dir='ltr'><strong>casn</strong></span> <span class='ocrx_word' id='word_1_119' title='bbox 1559 1104 1710 1147; x_wconf 87' lang='lat' dir='ltr'><strong>concussus</strong></span> 
     </span>
     <span class='ocr_line' id='line_1_10' title="bbox 65 1175 1710 1255; baseline 0.004 -24"><span class='ocrx_word' id='word_1_120' title='bbox 65 1191 177 1233; x_wconf 89' lang='lat' dir='ltr'><strong>annose</strong></span> <span class='ocrx_word' id='word_1_121' title='bbox 197 1176 317 1235; x_wconf 84' lang='lat' dir='ltr'><strong>terrebris</strong></span> <span class='ocrx_word' id='word_1_122' title='bbox 333 1186 439 1233; x_wconf 88' lang='lat' dir='ltr'><strong>erutum</strong></span> <span class='ocrx_word' id='word_1_123' title='bbox 457 1178 601 1235; x_wconf 74' lang='lat' dir='ltr'><strong>clarissimi</strong></span> <span class='ocrx_word' id='word_1_124' title='bbox 614 1178 651 1234; x_wconf 93' lang='lat' dir='ltr'><strong>tui</strong></span> <span class='ocrx_word' id='word_1_125' title='bbox 665 1175 783 1236; x_wconf 91' lang='lat' dir='ltr'><strong>nominis</strong></span> <span class='ocrx_word' id='word_1_126' title='bbox 795 1192 859 1233; x_wconf 90' lang='lat' dir='ltr'><strong>aus·</strong></span> <span class='ocrx_word' id='word_1_127' title='bbox 910 1190 961 1236; x_wconf 90' lang='lat' dir='ltr'><strong>est.</strong></span> <span class='ocrx_word' id='word_1_128' title='bbox 978 1179 1049 1249; x_wconf 84' lang='lat' dir='ltr'><strong>Quin</strong></span> <span class='ocrx_word' id='word_1_129' title='bbox 1072 1182 1153 1237; x_wconf 90' lang='lat' dir='ltr'><strong>ctiam</strong></span> <span class='ocrx_word' id='word_1_130' title='bbox 1168 1196 1230 1240; x_wconf 92' lang='lat' dir='ltr'><strong>curn</strong></span> <span class='ocrx_word' id='word_1_131' title='bbox 1246 1182 1358 1255; x_wconf 83' lang='lat' dir='ltr'><strong>synodis</strong></span> <span class='ocrx_word' id='word_1_132' title='bbox 1373 1183 1584 1251; x_wconf 75' lang='lat' dir='ltr'><strong>Alexandrina,</strong></span> <span class='ocrx_word' id='word_1_133' title='bbox 1611 1183 1710 1239; x_wconf 79' lang='lat' dir='ltr'><strong>Ronla-</strong></span> 
     </span>
     <span class='ocr_line' id='line_1_11' title="bbox 65 1268 1709 1343; baseline 0.004 -17"><span class='ocrx_word' id='word_1_134' title='bbox 65 1269 139 1343; x_wconf 86' lang='lat' dir='ltr'><strong>piciis</strong></span> <span class='ocrx_word' id='word_1_135' title='bbox 152 1271 238 1326; x_wconf 90' lang='lat' dir='ltr'><strong>lucem</strong></span> <span class='ocrx_word' id='word_1_136' title='bbox 261 1270 393 1343; x_wconf 77' lang='lat' dir='ltr'><strong>aspicere.</strong></span> <span class='ocrx_word' id='word_1_137' title='bbox 409 1268 473 1327; x_wconf 77' lang='lat' dir='ltr'><strong>liceo</strong></span> <span class='ocrx_word' id='word_1_138' title='bbox 486 1271 538 1326; x_wconf 87' lang='lat' dir='ltr'><strong>etsi</strong></span> <span class='ocrx_word' id='word_1_139' title='bbox 549 1271 616 1329; x_wconf 87' lang='lat' dir='ltr'><strong>satis</strong></span> <span class='ocrx_word' id='word_1_140' title='bbox 636 1269 670 1328; x_wconf 85' lang='lat' dir='ltr'><strong>ad</strong></span> <span class='ocrx_word' id='word_1_141' title='bbox 684 1269 859 1327; x_wconf 88' lang='lat' dir='ltr'><strong>commenda·</strong></span> <span class='ocrx_word' id='word_1_142' title='bbox 910 1289 963 1342; x_wconf 80' lang='lat' dir='ltr'><strong>ne,</strong></span> <span class='ocrx_word' id='word_1_143' title='bbox 978 1282 1006 1331; x_wconf 91' lang='lat' dir='ltr'><strong>et</strong></span> <span class='ocrx_word' id='word_1_144' title='bbox 1019 1276 1194 1332; x_wconf 74' lang='lat' dir='ltr'><strong>mcumeniccc</strong></span> <span class='ocrx_word' id='word_1_145' title='bbox 1215 1274 1371 1333; x_wconf 87' lang='lat' dir='ltr'><strong>Sardicensi</strong></span> <span class='ocrx_word' id='word_1_146' title='bbox 1398 1277 1561 1334; x_wconf 72' lang='lat' dir='ltr'><strong>Athanasius</strong></span> <span class='ocrx_word' id='word_1_147' title='bbox 1574 1292 1652 1334; x_wconf 84' lang='lat' dir='ltr'><strong>sunm</strong></span> <span class='ocrx_word' id='word_1_148' title='bbox 1668 1276 1709 1333; x_wconf 91' lang='lat' dir='ltr'><strong>in·</strong></span> 
     </span>
     <span class='ocr_line' id='line_1_12' title="bbox 66 1364 1709 1439; baseline 0.003 -18"><span class='ocrx_word' id='word_1_149' title='bbox 66 1366 162 1421; x_wconf 90' lang='lat' dir='ltr'><strong>tionena</strong></span> <span class='ocrx_word' id='word_1_150' title='bbox 183 1366 303 1421; x_wconf 87' lang='lat' dir='ltr'><strong>muneris</strong></span> <span class='ocrx_word' id='word_1_151' title='bbox 318 1365 436 1432; x_wconf 82' lang='lat' dir='ltr'><strong>ualennt,</strong></span> <span class='ocrx_word' id='word_1_152' title='bbox 452 1365 523 1437; x_wconf 86' lang='lat' dir='ltr'><strong>apud</strong></span> <span class='ocrx_word' id='word_1_153' title='bbox 537 1372 566 1423; x_wconf 89' lang='lat' dir='ltr'><strong>te</strong></span> <span class='ocrx_word' id='word_1_154' title='bbox 592 1368 726 1438; x_wconf 79' lang='lat' dir='ltr'><strong>precipue</strong></span> <span class='ocrx_word' id='word_1_155' title='bbox 740 1364 788 1437; x_wconf 91' lang='lat' dir='ltr'><strong>qui</strong></span> <span class='ocrx_word' id='word_1_156' title='bbox 808 1380 859 1437; x_wconf 91' lang='lat' dir='ltr'><strong>pro</strong></span> <span class='ocrx_word' id='word_1_157' title='bbox 910 1366 1066 1424; x_wconf 84' lang='lat' dir='ltr'><strong>nocentium</strong></span> <span class='ocrx_word' id='word_1_158' title='bbox 1086 1367 1276 1439; x_wconf 75' lang='lat' dir='ltr'><strong>approbasset,</strong></span> <span class='ocrx_word' id='word_1_159' title='bbox 1290 1369 1501 1425; x_wconf 79' lang='lat' dir='ltr'><strong>calumniatores</strong></span> <span class='ocrx_word' id='word_1_160' title='bbox 1514 1384 1581 1426; x_wconf 85' lang='lat' dir='ltr'><strong>vero</strong></span> <span class='ocrx_word' id='word_1_161' title='bbox 1595 1385 1648 1426; x_wconf 93' lang='lat' dir='ltr'><strong>uon</strong></span> <span class='ocrx_word' id='word_1_162' title='bbox 1663 1383 1709 1425; x_wconf 90' lang='lat' dir='ltr'><strong>so·</strong></span> 
     </span>
     <span class='ocr_line' id='line_1_13' title="bbox 65 1458 1709 1533; baseline 0.002 -18"><span class='ocrx_word' id='word_1_163' title='bbox 65 1469 108 1516; x_wconf 92' lang='lat' dir='ltr'><strong>tuo</strong></span> <span class='ocrx_word' id='word_1_164' title='bbox 129 1474 192 1530; x_wconf 75' lang='lat' dir='ltr'><strong>erpa</strong></span> <span class='ocrx_word' id='word_1_165' title='bbox 213 1458 317 1516; x_wconf 87' lang='lat' dir='ltr'><strong>litteras</strong></span> <span class='ocrx_word' id='word_1_166' title='bbox 339 1458 556 1531; x_wconf 74' lang='lat' dir='ltr'><strong>religionemque</strong></span> <span class='ocrx_word' id='word_1_167' title='bbox 580 1462 686 1527; x_wconf 88' lang='lat' dir='ltr'><strong>studio,</strong></span> <span class='ocrx_word' id='word_1_168' title='bbox 713 1466 859 1531; x_wconf 90' lang='lat' dir='ltr'><strong>erectoque</strong></span> <span class='ocrx_word' id='word_1_169' title='bbox 910 1460 966 1516; x_wconf 92' lang='lat' dir='ltr'><strong>lum</strong></span> <span class='ocrx_word' id='word_1_170' title='bbox 981 1468 1021 1516; x_wconf 91' lang='lat' dir='ltr'><strong>tot</strong></span> <span class='ocrx_word' id='word_1_171' title='bbox 1032 1460 1173 1516; x_wconf 69' lang='lat' dir='ltr'><strong>mittendis</strong></span> <span class='ocrx_word' id='word_1_172' title='bbox 1182 1460 1301 1517; x_wconf 85' lang='lat' dir='ltr'><strong>conuicti</strong></span> <span class='ocrx_word' id='word_1_173' title='bbox 1321 1469 1403 1533; x_wconf 89' lang='lat' dir='ltr'><strong>atque</strong></span> <span class='ocrx_word' id='word_1_174' title='bbox 1415 1461 1547 1527; x_wconf 87' lang='lat' dir='ltr'><strong>damnati,</strong></span> <span class='ocrx_word' id='word_1_175' title='bbox 1560 1461 1609 1518; x_wconf 90' lang='lat' dir='ltr'><strong>sed</strong></span> <span class='ocrx_word' id='word_1_176' title='bbox 1627 1463 1709 1518; x_wconf 90' lang='lat' dir='ltr'><strong>etiam</strong></span> 
     </span>
     <span class='ocr_line' id='line_1_14' title="bbox 65 1550 1710 1628; baseline -0.001 -17"><span class='ocrx_word' id='word_1_177' title='bbox 65 1567 141 1626; x_wconf 86' lang='lat' dir='ltr'><strong>atque</strong></span> <span class='ocrx_word' id='word_1_178' title='bbox 154 1554 269 1611; x_wconf 90' lang='lat' dir='ltr'><strong>iulracto</strong></span> <span class='ocrx_word' id='word_1_179' title='bbox 282 1554 414 1610; x_wconf 86' lang='lat' dir='ltr'><strong>aduersus</strong></span> <span class='ocrx_word' id='word_1_180' title='bbox 425 1554 533 1611; x_wconf 86' lang='lat' dir='ltr'><strong>diuitias</strong></span> <span class='ocrx_word' id='word_1_181' title='bbox 544 1557 686 1626; x_wconf 74' lang='lat' dir='ltr'><strong>iunctosque</strong></span> <span class='ocrx_word' id='word_1_182' title='bbox 698 1554 811 1620; x_wconf 87' lang='lat' dir='ltr'><strong>aulicus,</strong></span> <span class='ocrx_word' id='word_1_183' title='bbox 824 1552 858 1611; x_wconf 93' lang='lat' dir='ltr'><strong>ad</strong></span> <span class='ocrx_word' id='word_1_184' title='bbox 910 1550 1011 1608; x_wconf 83' lang='lat' dir='ltr'><strong>libellis</strong></span> <span class='ocrx_word' id='word_1_185' title='bbox 1025 1551 1123 1609; x_wconf 85' lang='lat' dir='ltr'><strong>oblatis</strong></span> <span class='ocrx_word' id='word_1_186' title='bbox 1150 1554 1238 1610; x_wconf 90' lang='lat' dir='ltr'><strong>eidem</strong></span> <span class='ocrx_word' id='word_1_187' title='bbox 1264 1552 1304 1628; x_wconf 77' lang='lat' dir='ltr'><strong>(up</strong></span> <span class='ocrx_word' id='word_1_188' title='bbox 1318 1553 1473 1611; x_wconf 83' lang='lat' dir='ltr'><strong>sardicensi</strong></span> <span class='ocrx_word' id='word_1_189' title='bbox 1488 1554 1605 1627; x_wconf 85' lang='lat' dir='ltr'><strong>syno&#39;do,</strong></span> <span class='ocrx_word' id='word_1_190' title='bbox 1624 1554 1710 1611; x_wconf 88' lang='lat' dir='ltr'><strong>lulio·</strong></span> 
     </span>
     <span class='ocr_line' id='line_1_15' title="bbox 64 1645 1711 1720; baseline 0.001 -17"><span class='ocrx_word' id='word_1_191' title='bbox 64 1663 122 1719; x_wconf 85' lang='lat' dir='ltr'><strong>quac</strong></span> <span class='ocrx_word' id='word_1_192' title='bbox 132 1649 188 1703; x_wconf 87' lang='lat' dir='ltr'><strong>sola</strong></span> <span class='ocrx_word' id='word_1_193' title='bbox 203 1662 274 1705; x_wconf 80' lang='lat' dir='ltr'><strong>nurnc</strong></span> <span class='ocrx_word' id='word_1_194' title='bbox 298 1647 481 1715; x_wconf 83' lang='lat' dir='ltr'><strong>concurritur,</strong></span> <span class='ocrx_word' id='word_1_195' title='bbox 497 1650 590 1704; x_wconf 81' lang='lat' dir='ltr'><strong>antimo</strong></span> <span class='ocrx_word' id='word_1_196' title='bbox 604 1662 712 1717; x_wconf 89' lang='lat' dir='ltr'><strong>semper</strong></span> <span class='ocrx_word' id='word_1_197' title='bbox 727 1648 752 1703; x_wconf 93' lang='lat' dir='ltr'><strong>id</strong></span> <span class='ocrx_word' id='word_1_198' title='bbox 773 1662 859 1720; x_wconf 73' lang='lat' dir='ltr'><strong>genus</strong></span> <span class='ocrx_word' id='word_1_199' title='bbox 910 1661 962 1719; x_wconf 88' lang='lat' dir='ltr'><strong>que</strong></span> <span class='ocrx_word' id='word_1_200' title='bbox 981 1645 1103 1703; x_wconf 81' lang='lat' dir='ltr'><strong>Pountiltci</strong></span> <span class='ocrx_word' id='word_1_201' title='bbox 1133 1646 1212 1704; x_wconf 78' lang='lat' dir='ltr'><strong>bom.</strong></span> <span class='ocrx_word' id='word_1_202' title='bbox 1236 1647 1360 1705; x_wconf 88' lang='lat' dir='ltr'><strong>criminis</strong></span> <span class='ocrx_word' id='word_1_203' title='bbox 1386 1648 1499 1705; x_wconf 81' lang='lat' dir='ltr'><strong>admissi</strong></span> <span class='ocrx_word' id='word_1_204' title='bbox 1519 1646 1711 1719; x_wconf 78' lang='lat' dir='ltr'><strong>baereseosque</strong></span> 
     </span>
     <span class='ocr_line' id='line_1_16' title="bbox 65 1738 1712 1813; baseline 0.001 -16"><span class='ocrx_word' id='word_1_205' title='bbox 65 1742 188 1813; x_wconf 78' lang='lat' dir='ltr'><strong>reliquias</strong></span> <span class='ocrx_word' id='word_1_206' title='bbox 202 1740 326 1797; x_wconf 79' lang='lat' dir='ltr'><strong>Attalicis</strong></span> <span class='ocrx_word' id='word_1_207' title='bbox 340 1739 541 1798; x_wconf 86' lang='lat' dir='ltr'><strong>conditionibus</strong></span> <span class='ocrx_word' id='word_1_208' title='bbox 551 1741 692 1813; x_wconf 80' lang='lat' dir='ltr'><strong>praetulisti</strong></span> <span class='ocrx_word' id='word_1_209' title='bbox 712 1758 718 1795; x_wconf 93' lang='lat'>:</span> <span class='ocrx_word' id='word_1_210' title='bbox 736 1740 857 1797; x_wconf 79' lang='lat' dir='ltr'><strong>Passieni</strong></span> <span class='ocrx_word' id='word_1_211' title='bbox 910 1738 1017 1795; x_wconf 82' lang='lat' dir='ltr'><strong>reniam</strong></span> <span class='ocrx_word' id='word_1_212' title='bbox 1042 1738 1202 1810; x_wconf 89' lang='lat' dir='ltr'><strong>deprecati,</strong></span> <span class='ocrx_word' id='word_1_213' title='bbox 1229 1740 1362 1799; x_wconf 78' lang='lat' dir='ltr'><strong>Ecclesiae</strong></span> <span class='ocrx_word' id='word_1_214' title='bbox 1383 1741 1569 1799; x_wconf 90' lang='lat' dir='ltr'><strong>communioni</strong></span> <span class='ocrx_word' id='word_1_215' title='bbox 1595 1740 1712 1801; x_wconf 84' lang='lat' dir='ltr'><strong>luissent</strong></span> 
     </span>
     <span class='ocr_line' id='line_1_17' title="bbox 64 1831 1709 1905; baseline -0.001 -14"><span class='ocrx_word' id='word_1_216' title='bbox 64 1844 149 1891; x_wconf 68' lang='lat' dir='ltr'><strong>turuueu</strong></span> <span class='ocrx_word' id='word_1_217' title='bbox 162 1834 305 1890; x_wconf 84' lang='lat' dir='ltr'><strong>scrutentice</strong></span> <span class='ocrx_word' id='word_1_218' title='bbox 317 1835 339 1889; x_wconf 88' lang='lat' dir='ltr'><strong>si</strong></span> <span class='ocrx_word' id='word_1_219' title='bbox 352 1834 423 1891; x_wconf 90' lang='lat' dir='ltr'><strong>bene</strong></span> <span class='ocrx_word' id='word_1_220' title='bbox 439 1844 465 1891; x_wconf 90' lang='lat' dir='ltr'><strong>te</strong></span> <span class='ocrx_word' id='word_1_221' title='bbox 478 1834 552 1905; x_wconf 68' lang='lat' dir='ltr'><strong>tritri,</strong></span> <span class='ocrx_word' id='word_1_222' title='bbox 568 1834 693 1897; x_wconf 85' lang='lat' dir='ltr'><strong>accedes.</strong></span> <span class='ocrx_word' id='word_1_223' title='bbox 719 1833 860 1905; x_wconf 87' lang='lat' dir='ltr'><strong>plurisque</strong></span> <span class='ocrx_word' id='word_1_224' title='bbox 872 1831 898 1895; x_wconf 80' lang='lat' dir='ltr'>B</span> <span class='ocrx_word' id='word_1_225' title='bbox 911 1832 1023 1900; x_wconf 88' lang='lat' dir='ltr'><strong>redditi;</strong></span> <span class='ocrx_word' id='word_1_226' title='bbox 1039 1831 1136 1888; x_wconf 89' lang='lat' dir='ltr'><strong>iterum</strong></span> <span class='ocrx_word' id='word_1_227' title='bbox 1151 1845 1241 1891; x_wconf 88' lang='lat' dir='ltr'><strong>tamen</strong></span> <span class='ocrx_word' id='word_1_228' title='bbox 1266 1850 1347 1891; x_wconf 92' lang='lat' dir='ltr'><strong>canes</strong></span> <span class='ocrx_word' id='word_1_229' title='bbox 1371 1834 1404 1891; x_wconf 92' lang='lat' dir='ltr'><strong>ad</strong></span> <span class='ocrx_word' id='word_1_230' title='bbox 1428 1834 1560 1891; x_wconf 78' lang='lat' dir='ltr'><strong>vomitum</strong></span> <span class='ocrx_word' id='word_1_231' title='bbox 1586 1833 1709 1903; x_wconf 84' lang='lat' dir='ltr'><strong>reuersi,</strong></span> 
     </span>
     <span class='ocr_line' id='line_1_18' title="bbox 64 1923 1709 1999; baseline 0.001 -17"><span class='ocrx_word' id='word_1_232' title='bbox 64 1926 89 1983; x_wconf 93' lang='lat' dir='ltr'><strong>iu</strong></span> <span class='ocrx_word' id='word_1_233' title='bbox 106 1942 138 1985; x_wconf 91' lang='lat' dir='ltr'><strong>eu</strong></span> <span class='ocrx_word' id='word_1_234' title='bbox 160 1927 242 1984; x_wconf 90' lang='lat' dir='ltr'><strong>lacies</strong></span> <span class='ocrx_word' id='word_1_235' title='bbox 263 1927 393 1998; x_wconf 86' lang='lat' dir='ltr'><strong>judicium</strong></span> <span class='ocrx_word' id='word_1_236' title='bbox 418 1929 594 1985; x_wconf 78' lang='lat' dir='ltr'><strong>eruditissimi</strong></span> <span class='ocrx_word' id='word_1_237' title='bbox 624 1925 858 1998; x_wconf 87' lang='lat' dir='ltr'><strong>cordatissimique</strong></span> <span class='ocrx_word' id='word_1_238' title='bbox 910 1923 997 1983; x_wconf 87' lang='lat' dir='ltr'><strong>loedas</strong></span> <span class='ocrx_word' id='word_1_239' title='bbox 1010 1925 1071 1981; x_wconf 86' lang='lat' dir='ltr'><strong>illas</strong></span> <span class='ocrx_word' id='word_1_240' title='bbox 1089 1935 1118 1982; x_wconf 90' lang='lat' dir='ltr'><strong>et</strong></span> <span class='ocrx_word' id='word_1_241' title='bbox 1132 1925 1280 1985; x_wconf 83' lang='lat' dir='ltr'><strong>Ecclesiam</strong></span> <span class='ocrx_word' id='word_1_242' title='bbox 1297 1927 1359 1995; x_wconf 85' lang='lat' dir='ltr'><strong>bei,</strong></span> <span class='ocrx_word' id='word_1_243' title='bbox 1372 1942 1434 1999; x_wconf 75' lang='lat' dir='ltr'><strong>quse</strong></span> <span class='ocrx_word' id='word_1_244' title='bbox 1447 1928 1544 1985; x_wconf 73' lang='lat' dir='ltr'><strong>dromus</strong></span> <span class='ocrx_word' id='word_1_245' title='bbox 1558 1928 1633 1999; x_wconf 86' lang='lat' dir='ltr'><strong>pacis</strong></span> <span class='ocrx_word' id='word_1_246' title='bbox 1652 1936 1709 1995; x_wconf 90' lang='lat' dir='ltr'><strong>est,</strong></span> 
     </span>
     <span class='ocr_line' id='line_1_19' title="bbox 63 2019 1710 2093; baseline 0 -17"><span class='ocrx_word' id='word_1_247' title='bbox 63 2021 119 2088; x_wconf 85' lang='lat' dir='ltr'><strong>uiri,</strong></span> <span class='ocrx_word' id='word_1_248' title='bbox 136 2020 182 2092; x_wconf 88' lang='lat' dir='ltr'><strong>qui</strong></span> <span class='ocrx_word' id='word_1_249' title='bbox 197 2028 222 2077; x_wconf 91' lang='lat' dir='ltr'><strong>te</strong></span> <span class='ocrx_word' id='word_1_250' title='bbox 233 2021 297 2076; x_wconf 89' lang='lat' dir='ltr'><strong>dum</strong></span> <span class='ocrx_word' id='word_1_251' title='bbox 312 2020 377 2077; x_wconf 83' lang='lat' dir='ltr'><strong>uixit</strong></span> <span class='ocrx_word' id='word_1_252' title='bbox 390 2062 398 2088; x_wconf 93' lang='lat'><strong>,</strong></span> <span class='ocrx_word' id='word_1_253' title='bbox 412 2022 446 2076; x_wconf 95' lang='lat' dir='ltr'><strong>ob</strong></span> <span class='ocrx_word' id='word_1_254' title='bbox 457 2023 593 2093; x_wconf 70' lang='lat' dir='ltr'><strong>egregium</strong></span> <span class='ocrx_word' id='word_1_255' title='bbox 614 2020 782 2089; x_wconf 88' lang='lat' dir='ltr'><strong>doctrinam,</strong></span> <span class='ocrx_word' id='word_1_256' title='bbox 795 2036 859 2092; x_wconf 88' lang='lat' dir='ltr'><strong>pru·</strong></span> <span class='ocrx_word' id='word_1_257' title='bbox 910 2034 1004 2093; x_wconf 83' lang='lat' dir='ltr'><strong>purum</strong></span> <span class='ocrx_word' id='word_1_258' title='bbox 1018 2019 1320 2088; x_wconf 81' lang='lat' dir='ltr'><strong>decentes‘discordias,</strong></span> <span class='ocrx_word' id='word_1_259' title='bbox 1332 2021 1521 2092; x_wconf 90' lang='lat' dir='ltr'><strong>episcoporum</strong></span> <span class='ocrx_word' id='word_1_260' title='bbox 1534 2021 1710 2077; x_wconf 84' lang='lat' dir='ltr'><strong>discursatio·</strong></span> 
     </span>
     <span class='ocr_line' id='line_1_20' title="bbox 63 2110 1711 2188; baseline 0.002 -20"><span class='ocrx_word' id='word_1_261' title='bbox 63 2112 189 2177; x_wconf 74' lang='lat' dir='ltr'><strong>decutiam.</strong></span> <span class='ocrx_word' id='word_1_262' title='bbox 211 2113 387 2187; x_wconf 75' lang='lat' dir='ltr'><strong>studiumque</strong></span> <span class='ocrx_word' id='word_1_263' title='bbox 409 2129 441 2171; x_wconf 87' lang='lat' dir='ltr'><strong>ae</strong></span> <span class='ocrx_word' id='word_1_264' title='bbox 460 2114 588 2187; x_wconf 90' lang='lat' dir='ltr'><strong>pietatem</strong></span> <span class='ocrx_word' id='word_1_265' title='bbox 604 2116 630 2170; x_wconf 93' lang='lat' dir='ltr'><strong>in</strong></span> <span class='ocrx_word' id='word_1_266' title='bbox 646 2114 722 2171; x_wconf 81' lang='lat' dir='ltr'><strong>Rern.</strong></span> <span class='ocrx_word' id='word_1_267' title='bbox 750 2115 777 2171; x_wconf 92' lang='lat' dir='ltr'><strong>iu</strong></span> <span class='ocrx_word' id='word_1_268' title='bbox 799 2114 859 2188; x_wconf 91' lang='lat' dir='ltr'><strong>qui·</strong></span> <span class='ocrx_word' id='word_1_269' title='bbox 911 2126 959 2168; x_wconf 89' lang='lat' dir='ltr'><strong>nes</strong></span> <span class='ocrx_word' id='word_1_270' title='bbox 970 2110 1161 2181; x_wconf 82' lang='lat' dir='ltr'><strong>llediolanuun,</strong></span> <span class='ocrx_word' id='word_1_271' title='bbox 1177 2113 1317 2182; x_wconf 87' lang='lat' dir='ltr'><strong>Sirmium,</strong></span> <span class='ocrx_word' id='word_1_272' title='bbox 1333 2114 1485 2172; x_wconf 88' lang='lat' dir='ltr'><strong>Seleuciam</strong></span> <span class='ocrx_word' id='word_1_273' title='bbox 1496 2129 1637 2185; x_wconf 85' lang='lat' dir='ltr'><strong>asperum,</strong></span> <span class='ocrx_word' id='word_1_274' title='bbox 1651 2114 1711 2171; x_wconf 91' lang='lat' dir='ltr'><strong>Ari·</strong></span> 
     </span>
     <span class='ocr_line' id='line_1_21' title="bbox 64 2204 1711 2287; baseline -0.002 -22"><span class='ocrx_word' id='word_1_275' title='bbox 64 2208 113 2265; x_wconf 91' lang='lat' dir='ltr'><strong>bus</strong></span> <span class='ocrx_word' id='word_1_276' title='bbox 134 2218 221 2264; x_wconf 88' lang='lat' dir='ltr'><strong>tecum</strong></span> <span class='ocrx_word' id='word_1_277' title='bbox 234 2209 419 2281; x_wconf 68' lang='lat' dir='ltr'><strong>conspirabat,</strong></span> <span class='ocrx_word' id='word_1_278' title='bbox 434 2210 514 2266; x_wconf 85' lang='lat' dir='ltr'><strong>uudce</strong></span> <span class='ocrx_word' id='word_1_279' title='bbox 527 2210 626 2265; x_wconf 78' lang='lat' dir='ltr'><strong>auserit</strong></span> <span class='ocrx_word' id='word_1_280' title='bbox 640 2216 667 2267; x_wconf 92' lang='lat' dir='ltr'><strong>et</strong></span> <span class='ocrx_word' id='word_1_281' title='bbox 689 2209 786 2279; x_wconf 88' lang='lat' dir='ltr'><strong>coluit,</strong></span> <span class='ocrx_word' id='word_1_282' title='bbox 799 2222 857 2267; x_wconf 75' lang='lat' dir='ltr'><strong>mo</strong></span> <span class='ocrx_word' id='word_1_283' title='bbox 910 2206 1025 2273; x_wconf 90' lang='lat' dir='ltr'><strong>minum,</strong></span> <span class='ocrx_word' id='word_1_284' title='bbox 1038 2204 1442 2287; x_wconf 68' lang='lat' dir='ltr'><strong>doust:rntiuupolim,liieaeanu</strong></span> <span class='ocrx_word' id='word_1_285' title='bbox 1453 2205 1587 2273; x_wconf 82' lang='lat' dir='ltr'><strong>Thraciae,</strong></span> <span class='ocrx_word' id='word_1_286' title='bbox 1602 2207 1644 2275; x_wconf 89' lang='lat' dir='ltr'><strong>(et</strong></span> <span class='ocrx_word' id='word_1_287' title='bbox 1657 2221 1711 2277; x_wconf 91' lang='lat' dir='ltr'><strong>quo</strong></span> 
     </span>
     <span class='ocr_line' id='line_1_22' title="bbox 64 2299 1713 2374; baseline -0.001 -19"><span class='ocrx_word' id='word_1_288' title='bbox 64 2302 187 2373; x_wconf 88' lang='lat' dir='ltr'><strong>ricnsque</strong></span> <span class='ocrx_word' id='word_1_289' title='bbox 210 2317 267 2357; x_wconf 72' lang='lat' dir='ltr'><strong>sum</strong></span> <span class='ocrx_word' id='word_1_290' title='bbox 288 2317 351 2372; x_wconf 79' lang='lat' dir='ltr'><strong>erpa</strong></span> <span class='ocrx_word' id='word_1_291' title='bbox 371 2311 397 2358; x_wconf 90' lang='lat' dir='ltr'><strong>te</strong></span> <span class='ocrx_word' id='word_1_292' title='bbox 422 2315 563 2374; x_wconf 71' lang='lat' dir='ltr'><strong>propense</strong></span> <span class='ocrx_word' id='word_1_293' title='bbox 585 2302 731 2359; x_wconf 82' lang='lat' dir='ltr'><strong>uoluuntatis</strong></span> <span class='ocrx_word' id='word_1_294' title='bbox 752 2301 859 2373; x_wconf 89' lang='lat' dir='ltr'><strong>publice</strong></span> <span class='ocrx_word' id='word_1_295' title='bbox 911 2319 964 2359; x_wconf 93' lang='lat' dir='ltr'><strong>nou</strong></span> <span class='ocrx_word' id='word_1_296' title='bbox 979 2310 1112 2359; x_wconf 80' lang='lat' dir='ltr'><strong>terruerim</strong></span> <span class='ocrx_word' id='word_1_297' title='bbox 1121 2303 1144 2374; x_wconf 84' lang='lat' dir='ltr'><strong>t)</strong></span> <span class='ocrx_word' id='word_1_298' title='bbox 1156 2310 1287 2373; x_wconf 75' lang='lat' dir='ltr'><strong>praeterea</strong></span> <span class='ocrx_word' id='word_1_299' title='bbox 1300 2302 1522 2372; x_wconf 86' lang='lat' dir='ltr'><strong>proscriptiones,</strong></span> <span class='ocrx_word' id='word_1_300' title='bbox 1533 2299 1615 2355; x_wconf 82' lang='lat' dir='ltr'><strong>exilia</strong></span> <span class='ocrx_word' id='word_1_301' title='bbox 1625 2305 1713 2355; x_wconf 81' lang='lat' dir='ltr'><strong>etcae-</strong></span> 
     </span>
     <span class='ocr_line' id='line_1_23' title="bbox 63 2390 1711 2469; baseline -0.004 -17"><span class='ocrx_word' id='word_1_302' title='bbox 63 2395 112 2453; x_wconf 90' lang='lat' dir='ltr'><strong>ltuc</strong></span> <span class='ocrx_word' id='word_1_303' title='bbox 125 2398 307 2455; x_wconf 86' lang='lat' dir='ltr'><strong>testimonium</strong></span> <span class='ocrx_word' id='word_1_304' title='bbox 321 2398 472 2469; x_wconf 87' lang='lat' dir='ltr'><strong>posteritati</strong></span> <span class='ocrx_word' id='word_1_305' title='bbox 484 2410 592 2456; x_wconf 84' lang='lat' dir='ltr'><strong>exstare</strong></span> <span class='ocrx_word' id='word_1_306' title='bbox 601 2398 699 2456; x_wconf 83' lang='lat' dir='ltr'><strong>voluit.</strong></span> <span class='ocrx_word' id='word_1_307' title='bbox 910 2394 959 2453; x_wconf 86' lang='lat' dir='ltr'><strong>des</strong></span> <span class='ocrx_word' id='word_1_308' title='bbox 972 2396 1144 2463; x_wconf 80' lang='lat' dir='ltr'><strong>excitarunt,</strong></span> <span class='ocrx_word' id='word_1_309' title='bbox 1162 2410 1223 2467; x_wconf 75' lang='lat' dir='ltr'><strong>que</strong></span> <span class='ocrx_word' id='word_1_310' title='bbox 1241 2394 1370 2465; x_wconf 87' lang='lat' dir='ltr'><strong>quamdiu</strong></span> <span class='ocrx_word' id='word_1_311' title='bbox 1384 2394 1410 2449; x_wconf 87' lang='lat' dir='ltr'><strong>in</strong></span> <span class='ocrx_word' id='word_1_312' title='bbox 1425 2393 1495 2450; x_wconf 82' lang='lat' dir='ltr'><strong>riuis</strong></span> <span class='ocrx_word' id='word_1_313' title='bbox 1508 2391 1614 2448; x_wconf 78' lang='lat' dir='ltr'><strong>exstitit</strong></span> <span class='ocrx_word' id='word_1_314' title='bbox 1637 2390 1711 2447; x_wconf 85' lang='lat' dir='ltr'><strong>Ceu·</strong></span> 
     </span>
     <span class='ocr_line' id='line_1_24' title="bbox 911 2483 1714 2558; baseline -0.006 -11"><span class='ocrx_word' id='word_1_315' title='bbox 911 2490 1038 2557; x_wconf 87' lang='lat' dir='ltr'><strong>stantius,</strong></span> <span class='ocrx_word' id='word_1_316' title='bbox 1050 2488 1200 2545; x_wconf 89' lang='lat' dir='ltr'><strong>catbolicos</strong></span> <span class='ocrx_word' id='word_1_317' title='bbox 1214 2491 1359 2558; x_wconf 87' lang='lat' dir='ltr'><strong>opiscopus</strong></span> <span class='ocrx_word' id='word_1_318' title='bbox 1371 2493 1565 2545; x_wconf 79' lang='lat' dir='ltr'><strong>exercuerunt.</strong></span> <span class='ocrx_word' id='word_1_319' title='bbox 1576 2483 1714 2542; x_wconf 84' lang='lat' dir='ltr'><strong>Tandem·</strong></span> 
     </span>
     <span class='ocr_line' id='line_1_25' title="bbox 910 2583 1712 2656; baseline -0.005 -15"><span class='ocrx_word' id='word_1_320' title='bbox 910 2584 1094 2656; x_wconf 86' lang='lat' dir='ltr'><strong>quedetractn</strong></span> <span class='ocrx_word' id='word_1_321' title='bbox 1113 2598 1228 2656; x_wconf 84' lang='lat' dir='ltr'><strong>persono</strong></span> <span class='ocrx_word' id='word_1_322' title='bbox 1251 2583 1388 2639; x_wconf 74' lang='lat' dir='ltr'><strong>Nlccenom</strong></span> <span class='ocrx_word' id='word_1_323' title='bbox 1410 2583 1530 2654; x_wconf 81' lang='lat' dir='ltr'><strong>regulam</strong></span> <span class='ocrx_word' id='word_1_324' title='bbox 1553 2596 1712 2653; x_wconf 71' lang='lat' dir='ltr'><strong>oppugnan-</strong></span> 
     </span>
     <span class='ocr_line' id='line_1_26' title="bbox 912 2674 1708 2751; baseline -0.008 -17"><span class='ocrx_word' id='word_1_325' title='bbox 912 2686 962 2741; x_wconf 88' lang='lat' dir='ltr'><strong>tcs,</strong></span> <span class='ocrx_word' id='word_1_326' title='bbox 977 2678 1170 2751; x_wconf 85' lang='lat' dir='ltr'><strong>Imperatorem</strong></span> <span class='ocrx_word' id='word_1_327' title='bbox 1184 2678 1283 2748; x_wconf 88' lang='lat' dir='ltr'><strong>ipsum,</strong></span> <span class='ocrx_word' id='word_1_328' title='bbox 1297 2678 1375 2747; x_wconf 81' lang='lat' dir='ltr'><strong>cnrjns</strong></span> <span class='ocrx_word' id='word_1_329' title='bbox 1390 2680 1525 2748; x_wconf 89' lang='lat' dir='ltr'><strong>potestate</strong></span> <span class='ocrx_word' id='word_1_330' title='bbox 1539 2674 1708 2740; x_wconf 73' lang='lat' dir='ltr'><strong>nitebantur,</strong></span> 
     </span>
     <span class='ocr_line' id='line_1_27' title="bbox 911 2764 1715 2844; baseline -0.007 -16"><span class='ocrx_word' id='word_1_331' title='bbox 911 2772 1077 2844; x_wconf 89' lang='lat' dir='ltr'><strong>impulerunt</strong></span> <span class='ocrx_word' id='word_1_332' title='bbox 1088 2779 1117 2826; x_wconf 95' lang='lat' dir='ltr'><strong>ut</strong></span> <span class='ocrx_word' id='word_1_333' title='bbox 1129 2769 1274 2841; x_wconf 90' lang='lat' dir='ltr'><strong>episeopus</strong></span> <span class='ocrx_word' id='word_1_334' title='bbox 1285 2768 1401 2826; x_wconf 79' lang='lat' dir='ltr'><strong>Arimini</strong></span> <span class='ocrx_word' id='word_1_335' title='bbox 1414 2776 1593 2840; x_wconf 69' lang='lat' dir='ltr'><strong>congregatos</strong></span> <span class='ocrx_word' id='word_1_336' title='bbox 1603 2766 1638 2824; x_wconf 93' lang='lat' dir='ltr'><strong>ad</strong></span> <span class='ocrx_word' id='word_1_337' title='bbox 1648 2764 1715 2823; x_wconf 89' lang='lat' dir='ltr'><strong>sub·</strong></span> 
     </span>
     <span class='ocr_line' id='line_1_28' title="bbox 910 2860 1712 2939; baseline -0.011 -15"><span class='ocrx_word' id='word_1_338' title='bbox 910 2866 1086 2939; x_wconf 89' lang='lat' dir='ltr'><strong>scriptionem</strong></span> <span class='ocrx_word' id='word_1_339' title='bbox 1101 2880 1177 2920; x_wconf 73' lang='lat' dir='ltr'><strong>atoue</strong></span> <span class='ocrx_word' id='word_1_340' title='bbox 1191 2863 1317 2920; x_wconf 76' lang='lat' dir='ltr'><strong>lornnulae</strong></span> <span class='ocrx_word' id='word_1_341' title='bbox 1332 2862 1393 2919; x_wconf 88' lang='lat' dir='ltr'><strong>ddei</strong></span> <span class='ocrx_word' id='word_1_342' title='bbox 1405 2862 1527 2918; x_wconf 86' lang='lat' dir='ltr'><strong>subdolis</strong></span> <span class='ocrx_word' id='word_1_343' title='bbox 1538 2860 1630 2918; x_wconf 85' lang='lat' dir='ltr'><strong>uerbis</strong></span> <span class='ocrx_word' id='word_1_344' title='bbox 1643 2874 1712 2917; x_wconf 88' lang='lat' dir='ltr'><strong>cun·</strong></span> 
     </span>
     <span class='ocr_line' id='line_1_29' title="bbox 911 2951 1714 3031; baseline -0.011 -13"><span class='ocrx_word' id='word_1_345' title='bbox 911 2966 998 3030; x_wconf 75' lang='lat' dir='ltr'><strong>copta</strong></span> <span class='ocrx_word' id='word_1_346' title='bbox 1010 2959 1143 3031; x_wconf 74' lang='lat' dir='ltr'><strong>adigeret,</strong></span> <span class='ocrx_word' id='word_1_347' title='bbox 1154 2973 1216 3029; x_wconf 66' lang='lat' dir='ltr'><strong>quse</strong></span> <span class='ocrx_word' id='word_1_348' title='bbox 1233 2967 1328 3013; x_wconf 83' lang='lat' dir='ltr'><strong>contra</strong></span> <span class='ocrx_word' id='word_1_349' title='bbox 1353 2966 1536 3013; x_wconf 85' lang='lat' dir='ltr'><strong>trecentorum</strong></span> <span class='ocrx_word' id='word_1_350' title='bbox 1552 2961 1581 3010; x_wconf 92' lang='lat' dir='ltr'><strong>ct</strong></span> <span class='ocrx_word' id='word_1_351' title='bbox 1602 2951 1714 3010; x_wconf 89' lang='lat' dir='ltr'><strong>octode-</strong></span> 
     </span>
    </p>
   </div>
   <div class='ocr_carea' id='block_1_3' title="bbox 61 3046 1714 3265">
    <p class='ocr_par' dir='ltr' id='par_1_3' title="bbox 61 3046 1714 3265">
     <span class='ocr_line' id='line_1_30' title="bbox 61 3046 1714 3199; baseline 0.001 -47"><span class='ocrx_word' id='word_1_352' title='bbox 61 3094 136 3162; x_wconf 86' lang='lat' dir='ltr'><strong>dani,</strong></span> <span class='ocrx_word' id='word_1_353' title='bbox 155 3107 185 3154; x_wconf 91' lang='lat' dir='ltr'><strong>ut</strong></span> <span class='ocrx_word' id='word_1_354' title='bbox 198 3097 309 3155; x_wconf 85' lang='lat' dir='ltr'><strong>uiolenti</strong></span> <span class='ocrx_word' id='word_1_355' title='bbox 323 3114 355 3155; x_wconf 92' lang='lat' dir='ltr'><strong>ac</strong></span> <span class='ocrx_word' id='word_1_356' title='bbox 371 3100 526 3173; x_wconf 80' lang='lat' dir='ltr'><strong>praerapidi,</strong></span> <span class='ocrx_word' id='word_1_357' title='bbox 540 3102 580 3159; x_wconf 89' lang='lat' dir='ltr'><strong>sic</strong></span> <span class='ocrx_word' id='word_1_358' title='bbox 598 3103 679 3159; x_wconf 89' lang='lat' dir='ltr'><strong>etiam</strong></span> <span class='ocrx_word' id='word_1_359' title='bbox 693 3105 859 3178; x_wconf 91' lang='lat' dir='ltr'><strong>aliquantum</strong></span> <span class='ocrx_word' id='word_1_360' title='bbox 912 3063 1085 3163; x_wconf 37' lang='grc' dir='ltr'><strong>91145355Ρὶ</strong></span> <span class='ocrx_word' id='word_1_361' title='bbox 1098 3052 1249 3159; x_wconf 40' lang='lat' dir='ltr'><strong>dffcwunf&#39;?</strong></span> <span class='ocrx_word' id='word_1_362' title='bbox 1264 3072 1354 3199; x_wconf 46' lang='lat' dir='ltr'><strong>W?</strong></span> <span class='ocrx_word' id='word_1_363' title='bbox 1365 3054 1409 3157; x_wconf 45' lang='grc' dir='ltr'><strong>Ψ</strong></span> <span class='ocrx_word' id='word_1_364' title='bbox 1420 3069 1559 3199; x_wconf 46' lang='grc' dir='ltr'><strong>οἷιοῗσωυ</strong></span> <span class='ocrx_word' id='word_1_365' title='bbox 1573 3046 1714 3197; x_wconf 37' lang='lat' dir='ltr'><strong>“mam</strong></span> 
     </span>
     <span class='ocr_line' id='line_1_31' title="bbox 62 3144 1714 3265; baseline 0.005 -22"><span class='ocrx_word' id='word_1_366' title='bbox 62 3188 226 3248; x_wconf 83' lang='lat' dir='ltr'><strong>liunisecuur</strong></span> <span class='ocrx_word' id='word_1_367' title='bbox 253 3192 397 3260; x_wconf 84' lang='lat' dir='ltr'><strong>traltcntis,</strong></span> <span class='ocrx_word' id='word_1_368' title='bbox 421 3194 860 3265; x_wconf 87' lang='lat' dir='ltr'><strong>quoobaracturenorisemuuc·</strong></span> <span class='ocrx_word' id='word_1_369' title='bbox 914 3149 1018 3207; x_wconf 58' lang='lat' dir='ltr'><strong>&#39;nm</strong></span> <span class='ocrx_word' id='word_1_370' title='bbox 1040 3148 1167 3214; x_wconf 44' lang='lat' dir='ltr'>menum</span> <span class='ocrx_word' id='word_1_371' title='bbox 1193 3144 1293 3203; x_wconf 56' lang='lat' dir='ltr'><strong>mmm</strong></span> <span class='ocrx_word' id='word_1_372' title='bbox 1341 3153 1394 3200; x_wconf 58' lang='lat' dir='ltr'><strong>am</strong></span> <span class='ocrx_word' id='word_1_373' title='bbox 1419 3158 1535 3199; x_wconf 53' lang='lat' dir='ltr'>munem</span> <span class='ocrx_word' id='word_1_374' title='bbox 1564 3156 1647 3199; x_wconf 54' lang='lat' dir='ltr'><strong>mun</strong></span> <span class='ocrx_word' id='word_1_375' title='bbox 1668 3156 1714 3197; x_wconf 66' lang='lat' dir='ltr'><strong>um</strong></span> 
     </span>
    </p>
   </div>
   <div class='ocr_carea' id='block_1_4' title="bbox 62 3230 1714 3402">
    <p class='ocr_par' dir='ltr' id='par_1_4' title="bbox 62 3230 1714 3402">
     <span class='ocr_line' id='line_1_32' title="bbox 72 3230 1714 3315; baseline -0.012 -7"><span class='ocrx_word' id='word_1_376' title='bbox 72 3281 115 3295; x_wconf 89' lang='lat'><strong>··</strong></span> <span class='ocrx_word' id='word_1_377' title='bbox 231 3286 237 3297; x_wconf 86' lang='lat'><em>·</em></span> <span class='ocrx_word' id='word_1_378' title='bbox 318 3286 324 3298; x_wconf 83' lang='lat'><strong>·</strong></span> <span class='ocrx_word' id='word_1_379' title='bbox 415 3286 421 3299; x_wconf 86' lang='lat'>.</span> <span class='ocrx_word' id='word_1_380' title='bbox 630 3288 636 3299; x_wconf 94' lang='lat'>.</span> <span class='ocrx_word' id='word_1_381' title='bbox 723 3290 730 3303; x_wconf 86' lang='lat'><strong>.</strong></span> <span class='ocrx_word' id='word_1_382' title='bbox 874 3230 1273 3315; x_wconf 82' lang='lat' dir='ltr'><strong>CScripturasprolltebatur,</strong></span> <span class='ocrx_word' id='word_1_383' title='bbox 1292 3238 1500 3303; x_wconf 72' lang='lat' dir='ltr'><strong>dicentibusque</strong></span> <span class='ocrx_word' id='word_1_384' title='bbox 1515 3235 1714 3292; x_wconf 87' lang='lat' dir='ltr'><strong>illumereotu-</strong></span> 
     </span>
     <span class='ocr_line' id='line_1_33' title="bbox 62 3284 1709 3402; baseline -0.002 -63"><span class='ocrx_word' id='word_1_385' title='bbox 62 3290 170 3339; x_wconf 82' lang='lat' dir='ltr'><strong>ussunae</strong></span> <span class='ocrx_word' id='word_1_386' title='bbox 183 3293 304 3355; x_wconf 80' lang='lat' dir='ltr'><strong>scriptor</strong></span> <span class='ocrx_word' id='word_1_387' title='bbox 317 3301 375 3356; x_wconf 79' lang='lat' dir='ltr'><strong>ipse</strong></span> <span class='ocrx_word' id='word_1_388' title='bbox 390 3284 684 3361; x_wconf 85' lang='lat' dir='ltr'><strong>literonyrnusscrrpta</strong></span> <span class='ocrx_word' id='word_1_389' title='bbox 699 3288 792 3345; x_wconf 79' lang='lat' dir='ltr'><strong>bulanu</strong></span> <span class='ocrx_word' id='word_1_390' title='bbox 806 3304 857 3361; x_wconf 73' lang='lat' dir='ltr'><strong>sqq-</strong></span> <span class='ocrx_word' id='word_1_391' title='bbox 911 3352 969 3394; x_wconf 62' lang='lat' dir='ltr'><strong>mm</strong></span> <span class='ocrx_word' id='word_1_392' title='bbox 985 3336 1056 3393; x_wconf 49' lang='lat' dir='ltr'><strong>sicut</strong></span> <span class='ocrx_word' id='word_1_393' title='bbox 1073 3336 1135 3391; x_wconf 47' lang='lat' dir='ltr'><strong>3¹3ae</strong></span> <span class='ocrx_word' id='word_1_394' title='bbox 1152 3339 1216 3391; x_wconf 61' lang='lat' dir='ltr'><strong>sum</strong></span> <span class='ocrx_word' id='word_1_395' title='bbox 1233 3340 1366 3391; x_wconf 55' lang='lat' dir='ltr'><strong>cmm</strong></span> <span class='ocrx_word' id='word_1_396' title='bbox 1392 3331 1537 3387; x_wconf 45' lang='lat' dir='ltr'><strong>anubem</strong></span> <span class='ocrx_word' id='word_1_397' title='bbox 1558 3328 1709 3402; x_wconf 50' lang='lat' dir='ltr'><strong>infligam</strong></span> 
     </span>
    </p>
   </div>
   <div class='ocr_carea' id='block_1_5' title="bbox 61 3360 1714 3497">
    <p class='ocr_par' dir='ltr' id='par_1_5' title="bbox 61 3360 1714 3497">
     <span class='ocr_line' id='line_1_34' title="bbox 61 3360 1714 3497; baseline 0.006 -68"><span class='ocrx_word' id='word_1_398' title='bbox 61 3360 146 3443; x_wconf 74' lang='lat' dir='ltr'><strong>inavit,¹</strong></span> <span class='ocrx_word' id='word_1_399' title='bbox 158 3378 365 3449; x_wconf 82' lang='lat' dir='ltr'><strong>deprehendere</strong></span> <span class='ocrx_word' id='word_1_400' title='bbox 378 3380 439 3436; x_wconf 88' lang='lat' dir='ltr'><strong>licet</strong></span> <span class='ocrx_word' id='word_1_401' title='bbox 453 3380 564 3451; x_wconf 77' lang='lat' dir='ltr'><strong>(Hieron</strong></span> <span class='ocrx_word' id='word_1_402' title='bbox 579 3382 681 3453; x_wconf 68' lang='lat' dir='ltr'><strong>mesot.</strong></span> <span class='ocrx_word' id='word_1_403' title='bbox 696 3382 723 3439; x_wconf 90' lang='lat' dir='ltr'><strong>in</strong></span> <span class='ocrx_word' id='word_1_404' title='bbox 735 3384 810 3453; x_wconf 82' lang='lat' dir='ltr'><strong>epist.</strong></span> <span class='ocrx_word' id='word_1_405' title='bbox 825 3383 860 3439; x_wconf 85' lang='lat' dir='ltr'><strong>nd</strong></span> <span class='ocrx_word' id='word_1_406' title='bbox 911 3417 1123 3490; x_wconf 73' lang='lat' dir='ltr'><strong>decuncn&#39;tbi</strong></span> <span class='ocrx_word' id='word_1_407' title='bbox 1149 3429 1354 3487; x_wconf 87' lang='lat' dir='ltr'><strong>consistendum</strong></span> <span class='ocrx_word' id='word_1_408' title='bbox 1381 3442 1444 3484; x_wconf 57' lang='lat' dir='ltr'><strong>em</strong></span> <span class='ocrx_word' id='word_1_409' title='bbox 1472 3427 1619 3495; x_wconf 51' lang='lat' dir='ltr'><strong>dmum,</strong></span> <span class='ocrx_word' id='word_1_410' title='bbox 1635 3423 1714 3497; x_wconf 56' lang='lat' dir='ltr'><strong>(Nam</strong></span> 
     </span>
    </p>
   </div>
   <div class='ocr_carea' id='block_1_6' title="bbox 60 3467 1715 3684">
    <p class='ocr_par' dir='ltr' id='par_1_6' title="bbox 60 3467 1715 3684">
     <span class='ocr_line' id='line_1_35' title="bbox 61 3467 1715 3601; baseline -0.003 -21"><span class='ocrx_word' id='word_1_411' title='bbox 61 3467 119 3525; x_wconf 54' lang='grc' dir='ltr'><strong>Μ’</strong></span> <span class='ocrx_word' id='word_1_412' title='bbox 136 3470 164 3527; x_wconf 65' lang='lat'><strong>9⁶</strong></span> <span class='ocrx_word' id='word_1_413' title='bbox 182 3474 258 3545; x_wconf 52' lang='lat' dir='ltr'><strong>‘pm&#39;</strong></span> <span class='ocrx_word' id='word_1_414' title='bbox 278 3473 312 3529; x_wconf 60' lang='lat'><strong>¹5</strong></span> <span class='ocrx_word' id='word_1_415' title='bbox 327 3474 360 3581; x_wconf 47' lang='lat' dir='ltr'><strong>“fi</strong></span> <span class='ocrx_word' id='word_1_416' title='bbox 377 3472 509 3579; x_wconf 30' lang='lat' dir='ltr'><em>Qum.»</em></span> <span class='ocrx_word' id='word_1_417' title='bbox 526 3474 579 3531; x_wconf 58' lang='lat' dir='ltr'><strong>sed</strong></span> <span class='ocrx_word' id='word_1_418' title='bbox 594 3475 658 3546; x_wconf 49' lang='lat' dir='ltr'><strong>quid</strong></span> <span class='ocrx_word' id='word_1_419' title='bbox 673 3476 764 3535; x_wconf 55' lang='lat' dir='ltr'><strong>verbis</strong></span> <span class='ocrx_word' id='word_1_420' title='bbox 779 3476 805 3532; x_wconf 61' lang='lat' dir='ltr'><strong>in</strong></span> <span class='ocrx_word' id='word_1_421' title='bbox 830 3492 860 3535; x_wconf 54' lang='grc' dir='ltr'><strong>Μ</strong></span> <span class='ocrx_word' id='word_1_422' title='bbox 911 3527 974 3601; x_wconf 89' lang='lat' dir='ltr'><strong>quis</strong></span> <span class='ocrx_word' id='word_1_423' title='bbox 989 3524 1119 3600; x_wconf 88' lang='lat' dir='ltr'><strong>peccandi</strong></span> <span class='ocrx_word' id='word_1_424' title='bbox 1136 3524 1218 3580; x_wconf 90' lang='lat' dir='ltr'><strong>linem</strong></span> <span class='ocrx_word' id='word_1_425' title='bbox 1240 3530 1330 3595; x_wconf 81' lang='lat' dir='ltr'><strong>posuit</strong></span> <span class='ocrx_word' id='word_1_426' title='bbox 1348 3518 1441 3594; x_wconf 88' lang='lat' dir='ltr'><strong>sibil)</strong></span> <span class='ocrx_word' id='word_1_427' title='bbox 1462 3535 1556 3576; x_wconf 84' lang='lat' dir='ltr'><strong>rerum</strong></span> <span class='ocrx_word' id='word_1_428' title='bbox 1584 3516 1715 3575; x_wconf 79' lang='lat' dir='ltr'><strong>lolioitnte</strong></span> 
     </span>
     <span class='ocr_line' id='line_1_36' title="bbox 60 3564 1715 3684; baseline -0.004 -10"><span class='ocrx_word' id='word_1_429' title='bbox 60 3571 152 3633; x_wconf 54' lang='lat' dir='ltr'><strong>apem</strong></span> <span class='ocrx_word' id='word_1_430' title='bbox 168 3579 239 3636; x_wconf 52' lang='grc' dir='ltr'><strong>’ΨΜ</strong></span> <span class='ocrx_word' id='word_1_431' title='bbox 254 3564 316 3622; x_wconf 56' lang='lat'><strong>⁰⁸²?</strong></span> <span class='ocrx_word' id='word_1_432' title='bbox 329 3569 357 3623; x_wconf 52' lang='grc' dir='ltr'><strong>δ’</strong></span> <span class='ocrx_word' id='word_1_433' title='bbox 373 3582 415 3622; x_wconf 71' lang='lat'><strong>⁰⁰¹</strong></span> <span class='ocrx_word' id='word_1_434' title='bbox 436 3580 468 3622; x_wconf 59' lang='lat'><strong>⁶³</strong></span> <span class='ocrx_word' id='word_1_435' title='bbox 484 3582 510 3623; x_wconf 60' lang='grc' dir='ltr'><strong>’ῃ</strong></span> <span class='ocrx_word' id='word_1_436' title='bbox 524 3584 553 3623; x_wconf 54' lang='grc' dir='ltr'><strong>[θ</strong></span> <span class='ocrx_word' id='word_1_437' title='bbox 575 3572 643 3639; x_wconf 53' lang='grc' dir='ltr'><strong>ψ’</strong></span> <span class='ocrx_word' id='word_1_438' title='bbox 660 3569 771 3636; x_wconf 53' lang='lat' dir='ltr'><strong>hmn&#39;</strong></span> <span class='ocrx_word' id='word_1_439' title='bbox 789 3570 861 3627; x_wconf 60' lang='lat' dir='ltr'><strong>hum</strong></span> <span class='ocrx_word' id='word_1_440' title='bbox 911 3616 1054 3677; x_wconf 75' lang='lat' dir='ltr'><strong>successus</strong></span> <span class='ocrx_word' id='word_1_441' title='bbox 1080 3615 1243 3675; x_wconf 84' lang='lat' dir='ltr'><strong>audaciores</strong></span> <span class='ocrx_word' id='word_1_442' title='bbox 1268 3614 1353 3683; x_wconf 85' lang='lat' dir='ltr'><strong>tucti,</strong></span> <span class='ocrx_word' id='word_1_443' title='bbox 1382 3627 1438 3670; x_wconf 92' lang='lat' dir='ltr'><strong>non</strong></span> <span class='ocrx_word' id='word_1_444' title='bbox 1464 3613 1520 3684; x_wconf 79' lang='lat' dir='ltr'><strong>jorn</strong></span> <span class='ocrx_word' id='word_1_445' title='bbox 1543 3612 1578 3669; x_wconf 93' lang='lat' dir='ltr'><strong>de</strong></span> <span class='ocrx_word' id='word_1_446' title='bbox 1603 3612 1715 3669; x_wconf 83' lang='lat' dir='ltr'><strong>uocibus</strong></span> 
     </span>
    </p>
   </div>
   <div class='ocr_carea' id='block_1_7' title="bbox 60 3654 1715 3829">
    <p class='ocr_par' dir='ltr' id='par_1_7' title="bbox 60 3654 1715 3829">
     <span class='ocr_line' id='line_1_37' title="bbox 62 3654 1715 3764; baseline -0.011 -53"><span class='ocrx_word' id='word_1_447' title='bbox 62 3654 160 3715; x_wconf 90' lang='lat' dir='ltr'><strong>librum</strong></span> <span class='ocrx_word' id='word_1_448' title='bbox 175 3673 238 3716; x_wconf 91' lang='lat' dir='ltr'><strong>cum</strong></span> <span class='ocrx_word' id='word_1_449' title='bbox 255 3660 289 3715; x_wconf 87' lang='lat' dir='ltr'><strong>iis</strong></span> <span class='ocrx_word' id='word_1_450' title='bbox 302 3676 363 3732; x_wconf 82' lang='lat' dir='ltr'><strong>quae</strong></span> <span class='ocrx_word' id='word_1_451' title='bbox 383 3661 504 3719; x_wconf 85' lang='lat' dir='ltr'><strong>onarrium</strong></span> <span class='ocrx_word' id='word_1_452' title='bbox 518 3662 624 3719; x_wconf 92' lang='lat' dir='ltr'><strong>calculo</strong></span> <span class='ocrx_word' id='word_1_453' title='bbox 641 3679 689 3734; x_wconf 92' lang='lat' dir='ltr'><strong>pro</strong></span> <span class='ocrx_word' id='word_1_454' title='bbox 716 3654 860 3723; x_wconf 68' lang='lat' dir='ltr'><strong>llilailauis</strong></span> <span class='ocrx_word' id='word_1_455' title='bbox 930 3716 968 3735; x_wconf 78' lang='lat'><strong>„</strong></span> <span class='ocrx_word' id='word_1_456' title='bbox 1072 3712 1079 3731; x_wconf 74' lang='grc'>,</span> <span class='ocrx_word' id='word_1_457' title='bbox 1172 3717 1231 3764; x_wconf 54' lang='grc' dir='ltr'><strong>,Ι</strong></span> <span class='ocrx_word' id='word_1_458' title='bbox 1317 3706 1521 3764; x_wconf 34' lang='lat' dir='ltr'><strong>‘Myconum</strong></span> <span class='ocrx_word' id='word_1_459' title='bbox 1550 3721 1613 3761; x_wconf 60' lang='lat' dir='ltr'><strong>omo</strong></span> <span class='ocrx_word' id='word_1_460' title='bbox 1645 3720 1715 3761; x_wconf 50' lang='lat' dir='ltr'><strong>w·</strong></span> 
     </span>
     <span class='ocr_line' id='line_1_38' title="bbox 60 3718 1669 3829; baseline -0.012 -24"><span class='ocrx_word' id='word_1_461' title='bbox 60 3754 420 3825; x_wconf 75' lang='lat' dir='ltr'><strong>receptnsuurtcoruteuuda13</strong></span> <span class='ocrx_word' id='word_1_462' title='bbox 444 3770 493 3812; x_wconf 91' lang='lat' dir='ltr'><strong>uec</strong></span> <span class='ocrx_word' id='word_1_463' title='bbox 515 3772 612 3829; x_wconf 85' lang='lat' dir='ltr'><strong>equum</strong></span> <span class='ocrx_word' id='word_1_464' title='bbox 635 3760 860 3823; x_wconf 79' lang='lat' dir='ltr'><strong>aquae,neclac</strong></span> <span class='ocrx_word' id='word_1_465' title='bbox 911 3718 1209 3786; x_wconf 54' lang='lat'><strong>⁰³⁶²“⁶²“²⁰¹⁴⁰⁰”⁶‘⁰”</strong></span> <span class='ocrx_word' id='word_1_466' title='bbox 1234 3725 1330 3781; x_wconf 65' lang='lat' dir='ltr'><strong>²qu</strong></span> <span class='ocrx_word' id='word_1_467' title='bbox 1405 3731 1418 3762; x_wconf 74' lang='lat'><strong>⁸</strong></span> <span class='ocrx_word' id='word_1_468' title='bbox 1532 3723 1549 3777; x_wconf 72' lang='grc' dir='ltr'><strong>Ρ</strong></span> <span class='ocrx_word' id='word_1_469' title='bbox 1625 3723 1669 3775; x_wconf 72' lang='lat'><strong>‘¹¹</strong></span> 
     </span>
    </p>
   </div>
   <div class='ocr_carea' id='block_1_8' title="bbox 57 3842 860 4387">
    <p class='ocr_par' dir='ltr' id='par_1_8' title="bbox 57 3842 860 4387">
     <span class='ocr_line' id='line_1_39' title="bbox 60 3842 859 3908; baseline 0.013 -11"><span class='ocrx_word' id='word_1_470' title='bbox 60 3842 120 3899; x_wconf 88' lang='lat' dir='ltr'><strong>lacti</strong></span> <span class='ocrx_word' id='word_1_471' title='bbox 144 3846 264 3903; x_wconf 82' lang='lat' dir='ltr'><strong>siuillius</strong></span> <span class='ocrx_word' id='word_1_472' title='bbox 281 3846 409 3903; x_wconf 87' lang='lat' dir='ltr'><strong>irruetriet.</strong></span> <span class='ocrx_word' id='word_1_473' title='bbox 430 3846 487 3903; x_wconf 90' lang='lat' dir='ltr'><strong>Nec</strong></span> <span class='ocrx_word' id='word_1_474' title='bbox 510 3863 576 3906; x_wconf 85' lang='lat' dir='ltr'><strong>sone</strong></span> <span class='ocrx_word' id='word_1_475' title='bbox 604 3848 761 3907; x_wconf 83' lang='lat' dir='ltr'><strong>bistoricuru</strong></span> <span class='ocrx_word' id='word_1_476' title='bbox 786 3850 859 3908; x_wconf 90' lang='lat' dir='ltr'><strong>istud</strong></span> 
     </span>
     <span class='ocr_line' id='line_1_40' title="bbox 59 3936 859 4016; baseline 0.011 -25"><span class='ocrx_word' id='word_1_477' title='bbox 59 3936 131 4009; x_wconf 87' lang='lat' dir='ltr'><strong>Opus</strong></span> <span class='ocrx_word' id='word_1_478' title='bbox 153 3938 272 4011; x_wconf 79' lang='lat' dir='ltr'><strong>anitiquis</strong></span> <span class='ocrx_word' id='word_1_479' title='bbox 285 3940 406 4012; x_wconf 79' lang='lat' dir='ltr'><strong>ignotum</strong></span> <span class='ocrx_word' id='word_1_480' title='bbox 425 3938 474 3996; x_wconf 91' lang='lat' dir='ltr'><strong>luit</strong></span> <span class='ocrx_word' id='word_1_481' title='bbox 488 3959 495 3995; x_wconf 77' lang='grc' dir='ltr'>ι</span> <span class='ocrx_word' id='word_1_482' title='bbox 510 3941 532 3998; x_wconf 86' lang='lat' dir='ltr'><strong>si</strong></span> <span class='ocrx_word' id='word_1_483' title='bbox 555 3943 665 4014; x_wconf 87' lang='lat' dir='ltr'><strong>quidem</strong></span> <span class='ocrx_word' id='word_1_484' title='bbox 690 3945 755 4001; x_wconf 92' lang='lat' dir='ltr'><strong>illud</strong></span> <span class='ocrx_word' id='word_1_485' title='bbox 771 3946 859 4016; x_wconf 91' lang='lat' dir='ltr'><strong>ipsum</strong></span> 
     </span>
     <span class='ocr_line' id='line_1_41' title="bbox 58 4032 859 4107; baseline 0.01 -20"><span class='ocrx_word' id='word_1_486' title='bbox 58 4032 217 4103; x_wconf 68' lang='lat' dir='ltr'><strong>essequod</strong></span> <span class='ocrx_word' id='word_1_487' title='bbox 240 4032 311 4090; x_wconf 86' lang='lat' dir='ltr'><strong>idean</strong></span> <span class='ocrx_word' id='word_1_488' title='bbox 332 4034 390 4105; x_wconf 87' lang='lat' dir='ltr'><strong>ipse</strong></span> <span class='ocrx_word' id='word_1_489' title='bbox 402 4032 583 4107; x_wconf 81' lang='lat' dir='ltr'><strong>Hieronymus</strong></span> <span class='ocrx_word' id='word_1_490' title='bbox 608 4046 702 4095; x_wconf 88' lang='lat' dir='ltr'><strong>contra</strong></span> <span class='ocrx_word' id='word_1_491' title='bbox 717 4037 859 4095; x_wconf 86' lang='lat' dir='ltr'><strong>Ursacium</strong></span> 
     </span>
     <span class='ocr_line' id='line_1_42' title="bbox 58 4124 860 4195; baseline 0.012 -16"><span class='ocrx_word' id='word_1_492' title='bbox 58 4133 85 4180; x_wconf 91' lang='lat' dir='ltr'><strong>et</strong></span> <span class='ocrx_word' id='word_1_493' title='bbox 106 4124 268 4195; x_wconf 82' lang='lat' dir='ltr'><strong>Valentem,</strong></span> <span class='ocrx_word' id='word_1_494' title='bbox 293 4136 448 4184; x_wconf 80' lang='lat' dir='ltr'><strong>continens·</strong></span> <span class='ocrx_word' id='word_1_495' title='bbox 468 4132 652 4187; x_wconf 85' lang='lat' dir='ltr'><strong>narrationem</strong></span> <span class='ocrx_word' id='word_1_496' title='bbox 679 4130 860 4189; x_wconf 84' lang='lat' dir='ltr'><strong>Ariuuiuensis</strong></span> 
     </span>
     <span class='ocr_line' id='line_1_43' title="bbox 57 4214 859 4298; baseline 0.014 -27"><span class='ocrx_word' id='word_1_497' title='bbox 57 4214 184 4287; x_wconf 72' lang='lat' dir='ltr'><strong>Cornelii,</strong></span> <span class='ocrx_word' id='word_1_498' title='bbox 196 4218 326 4276; x_wconf 90' lang='lat' dir='ltr'><strong>llilarium</strong></span> <span class='ocrx_word' id='word_1_499' title='bbox 340 4221 483 4293; x_wconf 87' lang='lat' dir='ltr'><strong>scripsisse</strong></span> <span class='ocrx_word' id='word_1_500' title='bbox 496 4220 615 4293; x_wconf 91' lang='lat' dir='ltr'><strong>tradidit,</strong></span> <span class='ocrx_word' id='word_1_501' title='bbox 629 4222 693 4281; x_wconf 82' lang='lat' dir='ltr'><strong>liuic</strong></span> <span class='ocrx_word' id='word_1_502' title='bbox 707 4223 777 4281; x_wconf 91' lang='lat' dir='ltr'><strong>libro</strong></span> <span class='ocrx_word' id='word_1_503' title='bbox 791 4240 859 4298; x_wconf 79' lang='lat' dir='ltr'><strong>pasc·</strong></span> 
     </span>
     <span class='ocr_line' id='line_1_44' title="bbox 58 4308 449 4387; baseline 0.015 -22"><span class='ocrx_word' id='word_1_504' title='bbox 58 4308 110 4369; x_wconf 82' lang='lat' dir='ltr'><strong>bna</strong></span> <span class='ocrx_word' id='word_1_505' title='bbox 123 4312 267 4387; x_wconf 83' lang='lat' dir='ltr'><strong>inscriptio</strong></span> <span class='ocrx_word' id='word_1_506' title='bbox 283 4313 364 4374; x_wconf 87' lang='lat' dir='ltr'><strong>iidem</strong></span> <span class='ocrx_word' id='word_1_507' title='bbox 376 4315 449 4373; x_wconf 90' lang='lat' dir='ltr'><strong>lacit.</strong></span> 
     </span>
    </p>
   </div>
   <div class='ocr_carea' id='block_1_9' title="bbox 60 2532 861 3079">
    <p class='ocr_par' dir='ltr' id='par_1_9' title="bbox 60 2532 861 3079">
     <span class='ocr_line' id='line_1_45' title="bbox 95 2532 859 2603; baseline 0.007 -13"><span class='ocrx_word' id='word_1_508' title='bbox 95 2534 121 2590; x_wconf 76' lang='lat' dir='ltr'><strong>i.</strong></span> <span class='ocrx_word' id='word_1_509' title='bbox 141 2532 217 2603; x_wconf 83' lang='lat' dir='ltr'><strong>Quod</strong></span> <span class='ocrx_word' id='word_1_510' title='bbox 235 2534 332 2590; x_wconf 86' lang='lat' dir='ltr'><strong>llilarii</strong></span> <span class='ocrx_word' id='word_1_511' title='bbox 344 2535 387 2591; x_wconf 84' lang='lat' dir='ltr'><strong>sit.</strong></span> <span class='ocrx_word' id='word_1_512' title='bbox 401 2564 437 2577; x_wconf 90' lang='grc'>-</span> <span class='ocrx_word' id='word_1_513' title='bbox 455 2536 494 2595; x_wconf 93' lang='lat' dir='ltr'><strong>lle</strong></span> <span class='ocrx_word' id='word_1_514' title='bbox 507 2545 619 2593; x_wconf 90' lang='lat' dir='ltr'><strong>auctore</strong></span> <span class='ocrx_word' id='word_1_515' title='bbox 630 2551 696 2595; x_wconf 85' lang='lat' dir='ltr'><strong>sero</strong></span> <span class='ocrx_word' id='word_1_516' title='bbox 706 2538 784 2595; x_wconf 89' lang='lat' dir='ltr'><strong>istius</strong></span> <span class='ocrx_word' id='word_1_517' title='bbox 797 2538 859 2595; x_wconf 88' lang='lat' dir='ltr'><strong>libri</strong></span> 
     </span>
     <span class='ocr_line' id='line_1_46' title="bbox 62 2622 859 2704; baseline 0.009 -21"><span class='ocrx_word' id='word_1_518' title='bbox 62 2643 139 2683; x_wconf 92' lang='lat' dir='ltr'><strong>nemu</strong></span> <span class='ocrx_word' id='word_1_519' title='bbox 153 2629 242 2686; x_wconf 88' lang='lat' dir='ltr'><strong>codici</strong></span> <span class='ocrx_word' id='word_1_520' title='bbox 266 2632 474 2703; x_wconf 87' lang='lat' dir='ltr'><strong>manuscripto,</strong></span> <span class='ocrx_word' id='word_1_521' title='bbox 490 2634 536 2704; x_wconf 88' lang='lat' dir='ltr'><strong>qui</strong></span> <span class='ocrx_word' id='word_1_522' title='bbox 551 2632 582 2689; x_wconf 85' lang='lat' dir='ltr'><strong>tt.</strong></span> <span class='ocrx_word' id='word_1_523' title='bbox 609 2631 712 2689; x_wconf 90' lang='lat' dir='ltr'><strong>llilario</strong></span> <span class='ocrx_word' id='word_1_524' title='bbox 733 2648 796 2691; x_wconf 92' lang='lat' dir='ltr'><strong>cum</strong></span> <span class='ocrx_word' id='word_1_525' title='bbox 811 2622 859 2689; x_wconf 69' lang='lat' dir='ltr'><strong>ad-¹</strong></span> 
     </span>
     <span class='ocr_line' id='line_1_47' title="bbox 62 2721 859 2799; baseline 0.009 -23"><span class='ocrx_word' id='word_1_526' title='bbox 62 2722 163 2789; x_wconf 89' lang='lat' dir='ltr'><strong>scribit,</strong></span> <span class='ocrx_word' id='word_1_527' title='bbox 175 2721 257 2780; x_wconf 81' lang='lat' dir='ltr'><strong>fideus</strong></span> <span class='ocrx_word' id='word_1_528' title='bbox 269 2723 406 2792; x_wconf 90' lang='lat' dir='ltr'><strong>detrabet,</strong></span> <span class='ocrx_word' id='word_1_529' title='bbox 420 2725 523 2799; x_wconf 85' lang='lat' dir='ltr'><strong>uirique</strong></span> <span class='ocrx_word' id='word_1_530' title='bbox 538 2728 656 2797; x_wconf 90' lang='lat' dir='ltr'><strong>potentis</strong></span> <span class='ocrx_word' id='word_1_531' title='bbox 672 2728 777 2785; x_wconf 88' lang='lat' dir='ltr'><strong>titulum</strong></span> <span class='ocrx_word' id='word_1_532' title='bbox 793 2727 859 2783; x_wconf 88' lang='lat' dir='ltr'><strong>alie·</strong></span> 
     </span>
     <span class='ocr_line' id='line_1_48' title="bbox 61 2818 860 2895; baseline 0.01 -24"><span class='ocrx_word' id='word_1_533' title='bbox 61 2830 101 2871; x_wconf 79' lang='lat' dir='ltr'><strong>ne</strong></span> <span class='ocrx_word' id='word_1_534' title='bbox 125 2818 293 2885; x_wconf 87' lang='lat' dir='ltr'><strong>possessioni</strong></span> <span class='ocrx_word' id='word_1_535' title='bbox 316 2818 651 2879; x_wconf 80' lang='lat' dir='ltr'><strong>allisumcuutrouersiam</strong></span> <span class='ocrx_word' id='word_1_536' title='bbox 667 2824 797 2891; x_wconf 72' lang='lat' dir='ltr'><strong>multumt,</strong></span> <span class='ocrx_word' id='word_1_537' title='bbox 814 2826 860 2895; x_wconf 91' lang='lat' dir='ltr'><strong>qul</strong></span> 
     </span>
     <span class='ocr_line' id='line_1_49' title="bbox 62 2908 861 2986; baseline 0.015 -23"><span class='ocrx_word' id='word_1_538' title='bbox 62 2908 121 2981; x_wconf 85' lang='lat' dir='ltr'><strong>styli</strong></span> <span class='ocrx_word' id='word_1_539' title='bbox 131 2910 172 2967; x_wconf 87' lang='lat' dir='ltr'><strong>uel</strong></span> <span class='ocrx_word' id='word_1_540' title='bbox 181 2910 282 2983; x_wconf 75' lang='lat' dir='ltr'><strong>ingenii</strong></span> <span class='ocrx_word' id='word_1_541' title='bbox 297 2912 363 2967; x_wconf 82' lang='lat' dir='ltr'><strong>taunti</strong></span> <span class='ocrx_word' id='word_1_542' title='bbox 375 2913 495 2969; x_wconf 90' lang='lat' dir='ltr'><strong>doctoris</strong></span> <span class='ocrx_word' id='word_1_543' title='bbox 507 2913 623 2985; x_wconf 86' lang='lat' dir='ltr'><strong>aliquem</strong></span> <span class='ocrx_word' id='word_1_544' title='bbox 636 2926 743 2986; x_wconf 78' lang='lat' dir='ltr'><strong>gustum</strong></span> <span class='ocrx_word' id='word_1_545' title='bbox 759 2916 861 2975; x_wconf 86' lang='lat' dir='ltr'><strong>ltabue·</strong></span> 
     </span>
     <span class='ocr_line' id='line_1_50' title="bbox 60 3004 859 3079; baseline 0.008 -19"><span class='ocrx_word' id='word_1_546' title='bbox 60 3004 94 3060; x_wconf 90' lang='lat' dir='ltr'><strong>rit</strong></span> <span class='ocrx_word' id='word_1_547' title='bbox 115 3020 123 3073; x_wconf 87' lang='grc'>;</span> <span class='ocrx_word' id='word_1_548' title='bbox 145 3004 168 3061; x_wconf 89' lang='lat' dir='ltr'><strong>si</strong></span> <span class='ocrx_word' id='word_1_549' title='bbox 182 3004 294 3078; x_wconf 82' lang='lat' dir='ltr'><strong>qutidcm</strong></span> <span class='ocrx_word' id='word_1_550' title='bbox 312 3006 406 3079; x_wconf 74' lang='lat' dir='ltr'><strong>longas</strong></span> <span class='ocrx_word' id='word_1_551' title='bbox 429 3017 457 3063; x_wconf 91' lang='lat' dir='ltr'><strong>et</strong></span> <span class='ocrx_word' id='word_1_552' title='bbox 480 3006 614 3065; x_wconf 75' lang='lat' dir='ltr'><strong>inuiolatas</strong></span> <span class='ocrx_word' id='word_1_553' title='bbox 626 3020 653 3067; x_wconf 93' lang='lat' dir='ltr'><strong>et</strong></span> <span class='ocrx_word' id='word_1_554' title='bbox 676 3010 770 3068; x_wconf 87' lang='lat' dir='ltr'><strong>Gallici</strong></span> <span class='ocrx_word' id='word_1_555' title='bbox 785 3009 859 3067; x_wconf 84' lang='lat' dir='ltr'><strong>libo·</strong></span> 
     </span>
    </p>
   </div>
   <div class='ocr_carea' id='block_1_10' title="bbox 54 3888 1714 5563">
    <p class='ocr_par' dir='ltr' id='par_1_10' title="bbox 406 3888 1713 4440">
     <span class='ocr_line' id='line_1_51' title="bbox 912 3888 1713 3973; baseline -0.017 -13"><span class='ocrx_word' id='word_1_556' title='bbox 912 3918 972 3960; x_wconf 92' lang='lat' dir='ltr'><strong>rum</strong></span> <span class='ocrx_word' id='word_1_557' title='bbox 986 3910 1134 3973; x_wconf 88' lang='lat' dir='ltr'><strong>putumque</strong></span> <span class='ocrx_word' id='word_1_558' title='bbox 1148 3912 1198 3954; x_wconf 90' lang='lat' dir='ltr'><strong>seu</strong></span> <span class='ocrx_word' id='word_1_559' title='bbox 1213 3897 1302 3963; x_wconf 92' lang='lat' dir='ltr'><strong>potius</strong></span> <span class='ocrx_word' id='word_1_560' title='bbox 1314 3893 1451 3965; x_wconf 87' lang='lat' dir='ltr'><strong>impurum</strong></span> <span class='ocrx_word' id='word_1_561' title='bbox 1467 3890 1643 3963; x_wconf 88' lang='lat' dir='ltr'><strong>putidumque</strong></span> <span class='ocrx_word' id='word_1_562' title='bbox 1655 3888 1713 3946; x_wconf 86' lang='lat' dir='ltr'><strong>Arii</strong></span> 
     </span>
     <span class='ocr_line' id='line_1_52' title="bbox 911 3983 1712 4068; baseline -0.017 -15"><span class='ocrx_word' id='word_1_563' title='bbox 911 3998 1009 4068; x_wconf 74' lang='lat' dir='ltr'><strong>deputa</strong></span> <span class='ocrx_word' id='word_1_564' title='bbox 1030 3990 1154 4050; x_wconf 83' lang='lat' dir='ltr'><strong>cunetttn</strong></span> <span class='ocrx_word' id='word_1_565' title='bbox 1181 3988 1334 4046; x_wconf 80' lang='lat' dir='ltr'><strong>Antioclrin</strong></span> <span class='ocrx_word' id='word_1_566' title='bbox 1358 3985 1490 4059; x_wconf 79' lang='lat' dir='ltr'><strong>prolessi,</strong></span> <span class='ocrx_word' id='word_1_567' title='bbox 1515 3983 1614 4040; x_wconf 81' lang='lat' dir='ltr'><strong>Filium</strong></span> <span class='ocrx_word' id='word_1_568' title='bbox 1639 3983 1712 4041; x_wconf 84' lang='lat' dir='ltr'><strong>Patri</strong></span> 
     </span>
     <span class='ocr_line' id='line_1_53' title="bbox 911 4073 1713 4157; baseline -0.02 -10"><span class='ocrx_word' id='word_1_569' title='bbox 911 4088 1070 4147; x_wconf 89' lang='lat' dir='ltr'><strong>dissimilem</strong></span> <span class='ocrx_word' id='word_1_570' title='bbox 1093 4085 1200 4157; x_wconf 91' lang='lat' dir='ltr'><strong>penitus</strong></span> <span class='ocrx_word' id='word_1_571' title='bbox 1218 4086 1262 4139; x_wconf 77' lang='lat' dir='ltr'><strong>nal</strong></span> <span class='ocrx_word' id='word_1_572' title='bbox 1282 4083 1309 4148; x_wconf 75' lang='lat' dir='ltr'><strong>ii</strong></span> <span class='ocrx_word' id='word_1_573' title='bbox 1330 4083 1375 4137; x_wconf 80' lang='lat' dir='ltr'><strong>aba</strong></span> <span class='ocrx_word' id='word_1_574' title='bbox 1394 4077 1472 4136; x_wconf 78' lang='grc' dir='ltr'><strong>ὄντων</strong></span> <span class='ocrx_word' id='word_1_575' title='bbox 1493 4082 1646 4135; x_wconf 85' lang='lat' dir='ltr'><strong>creaturam</strong></span> <span class='ocrx_word' id='word_1_576' title='bbox 1672 4073 1713 4149; x_wconf 89' lang='lat' dir='ltr'><strong>(b)</strong></span> 
     </span>
     <span class='ocr_line' id='line_1_54' title="bbox 911 4171 1713 4250; baseline -0.015 -10"><span class='ocrx_word' id='word_1_577' title='bbox 911 4188 1074 4241; x_wconf 89' lang='lat' dir='ltr'><strong>statuerunt.</strong></span> <span class='ocrx_word' id='word_1_578' title='bbox 1087 4177 1171 4250; x_wconf 81' lang='lat' dir='ltr'><strong>Cujus</strong></span> <span class='ocrx_word' id='word_1_579' title='bbox 1186 4175 1430 4247; x_wconf 87' lang='lat' dir='ltr'><strong>impietatisipsum</strong></span> <span class='ocrx_word' id='word_1_580' title='bbox 1439 4171 1634 4242; x_wconf 89' lang='lat' dir='ltr'><strong>imperatorem</strong></span> <span class='ocrx_word' id='word_1_581' title='bbox 1649 4184 1713 4228; x_wconf 76' lang='lat' dir='ltr'><strong>auo</strong></span> 
     </span>
     <span class='ocr_line' id='line_1_55' title="bbox 911 4266 1713 4335; baseline -0.015 -2"><span class='ocrx_word' id='word_1_582' title='bbox 911 4285 999 4334; x_wconf 90' lang='lat' dir='ltr'><strong>torem</strong></span> <span class='ocrx_word' id='word_1_583' title='bbox 1014 4288 1047 4331; x_wconf 91' lang='lat' dir='ltr'><strong>ac</strong></span> <span class='ocrx_word' id='word_1_584' title='bbox 1060 4271 1194 4329; x_wconf 87' lang='lat' dir='ltr'><strong>uindicem</strong></span> <span class='ocrx_word' id='word_1_585' title='bbox 1209 4270 1359 4335; x_wconf 81' lang='lat' dir='ltr'><strong>exstitisse,</strong></span> <span class='ocrx_word' id='word_1_586' title='bbox 1374 4267 1539 4325; x_wconf 83' lang='lat' dir='ltr'><strong>Atbanasius</strong></span> <span class='ocrx_word' id='word_1_587' title='bbox 1552 4266 1660 4323; x_wconf 88' lang='lat' dir='ltr'><strong>asserit.</strong></span> <span class='ocrx_word' id='word_1_588' title='bbox 1709 4271 1713 4279; x_wconf 83' lang='grc'><em>·</em></span> 
     </span>
     <span class='ocr_line' id='line_1_56' title="bbox 406 4357 1712 4440; baseline -0.013 -10"><span class='ocrx_word' id='word_1_589' title='bbox 406 4435 408 4440; x_wconf 62' lang='grc'>,</span> <span class='ocrx_word' id='word_1_590' title='bbox 838 4390 841 4397; x_wconf 93' lang='grc'><em>·</em></span> <span class='ocrx_word' id='word_1_591' title='bbox 947 4370 974 4423; x_wconf 81' lang='lat' dir='ltr'><strong>l.</strong></span> <span class='ocrx_word' id='word_1_592' title='bbox 988 4366 1071 4438; x_wconf 78' lang='lat' dir='ltr'><strong>igitur</strong></span> <span class='ocrx_word' id='word_1_593' title='bbox 1085 4363 1211 4423; x_wconf 77' lang='lat' dir='ltr'><strong>busacius</strong></span> <span class='ocrx_word' id='word_1_594' title='bbox 1221 4370 1250 4420; x_wconf 90' lang='lat' dir='ltr'><strong>ct</strong></span> <span class='ocrx_word' id='word_1_595' title='bbox 1260 4361 1359 4417; x_wconf 82' lang='lat' dir='ltr'><strong>Valens</strong></span> <span class='ocrx_word' id='word_1_596' title='bbox 1372 4360 1409 4417; x_wconf 93' lang='lat' dir='ltr'><strong>illi</strong></span> <span class='ocrx_word' id='word_1_597' title='bbox 1421 4359 1472 4431; x_wconf 91' lang='lat' dir='ltr'><strong>ipsi</strong></span> <span class='ocrx_word' id='word_1_598' title='bbox 1485 4368 1567 4415; x_wconf 92' lang='lat' dir='ltr'><strong>sunt:</strong></span> <span class='ocrx_word' id='word_1_599' title='bbox 1585 4376 1595 4411; x_wconf 89' lang='grc' dir='ltr'>ι</span> <span class='ocrx_word' id='word_1_600' title='bbox 1614 4357 1712 4430; x_wconf 89' lang='lat' dir='ltr'><strong>quibus</strong></span> 
     </span>
    </p>

    <p class='ocr_par' dir='ltr' id='par_1_11' title="bbox 54 4449 1714 5563">
     <span class='ocr_line' id='line_1_57' title="bbox 92 4449 1714 4529; baseline -0.011 -2"><span class='ocrx_word' id='word_1_601' title='bbox 92 4450 120 4507; x_wconf 71' lang='lat'><strong>5·</strong></span> <span class='ocrx_word' id='word_1_602' title='bbox 145 4449 309 4509; x_wconf 66' lang='lat' dir='ltr'><strong>Ufiiil&#39;ml</strong></span> <span class='ocrx_word' id='word_1_603' title='bbox 323 4450 427 4521; x_wconf 62' lang='lat' dir='ltr'><strong>Validis</strong></span> <span class='ocrx_word' id='word_1_604' title='bbox 440 4454 494 4526; x_wconf 86' lang='lat' dir='ltr'><strong>qui.</strong></span> <span class='ocrx_word' id='word_1_605' title='bbox 514 4486 549 4500; x_wconf 70' lang='grc'><strong>“-</strong></span> <span class='ocrx_word' id='word_1_606' title='bbox 563 4454 616 4527; x_wconf 69' lang='lat' dir='ltr'><strong>[tsi</strong></span> <span class='ocrx_word' id='word_1_607' title='bbox 634 4457 706 4514; x_wconf 89' lang='lat' dir='ltr'><strong>euim</strong></span> <span class='ocrx_word' id='word_1_608' title='bbox 731 4456 860 4517; x_wconf 88' lang='lat' dir='ltr'><strong>Ursacius</strong></span> <span class='ocrx_word' id='word_1_609' title='bbox 911 4461 1075 4522; x_wconf 81' lang='lat' dir='ltr'><strong>iustmtibus</strong></span> <span class='ocrx_word' id='word_1_610' title='bbox 1099 4460 1150 4516; x_wconf 93' lang='lat' dir='ltr'><strong>sub</strong></span> <span class='ocrx_word' id='word_1_611' title='bbox 1173 4459 1339 4529; x_wconf 88' lang='lat' dir='ltr'><strong>imperatore</strong></span> <span class='ocrx_word' id='word_1_612' title='bbox 1366 4453 1526 4511; x_wconf 81' lang='lat' dir='ltr'><strong>Cornstantio</strong></span> <span class='ocrx_word' id='word_1_613' title='bbox 1548 4450 1648 4510; x_wconf 87' lang='lat' dir='ltr'><strong>laetum</strong></span> <span class='ocrx_word' id='word_1_614' title='bbox 1671 4460 1714 4510; x_wconf 89' lang='lat' dir='ltr'><strong>est</strong></span> 
     </span>
     <span class='ocr_line' id='line_1_58' title="bbox 60 4543 1711 4623; baseline 0.002 -25"><span class='ocrx_word' id='word_1_615' title='bbox 60 4551 87 4598; x_wconf 91' lang='lat' dir='ltr'><strong>et</strong></span> <span class='ocrx_word' id='word_1_616' title='bbox 102 4543 217 4613; x_wconf 78' lang='lat' dir='ltr'><strong>Valens,</strong></span> <span class='ocrx_word' id='word_1_617' title='bbox 244 4544 313 4603; x_wconf 89' lang='lat' dir='ltr'><strong>alter</strong></span> <span class='ocrx_word' id='word_1_618' title='bbox 325 4546 466 4619; x_wconf 75' lang='lat' dir='ltr'><strong>Singidunl</strong></span> <span class='ocrx_word' id='word_1_619' title='bbox 490 4548 639 4618; x_wconf 87' lang='lat' dir='ltr'><strong>superioris</strong></span> <span class='ocrx_word' id='word_1_620' title='bbox 661 4549 754 4623; x_wconf 78' lang='lat' dir='ltr'><strong>ilysios</strong></span> <span class='ocrx_word' id='word_1_621' title='bbox 768 4593 775 4617; x_wconf 93' lang='lat'>‚</span> <span class='ocrx_word' id='word_1_622' title='bbox 789 4552 860 4609; x_wconf 92' lang='lat' dir='ltr'><strong>alter</strong></span> <span class='ocrx_word' id='word_1_623' title='bbox 912 4556 1084 4613; x_wconf 87' lang='lat' dir='ltr'><strong>Ariminense</strong></span> <span class='ocrx_word' id='word_1_624' title='bbox 1098 4552 1243 4609; x_wconf 91' lang='lat' dir='ltr'><strong>concilium</strong></span> <span class='ocrx_word' id='word_1_625' title='bbox 1259 4558 1354 4605; x_wconf 88' lang='lat' dir='ltr'><strong>eontra</strong></span> <span class='ocrx_word' id='word_1_626' title='bbox 1368 4548 1520 4604; x_wconf 88' lang='lat' dir='ltr'><strong>iormeltum</strong></span> <span class='ocrx_word' id='word_1_627' title='bbox 1538 4544 1641 4606; x_wconf 74' lang='lat' dir='ltr'><strong>blicani</strong></span> <span class='ocrx_word' id='word_1_628' title='bbox 1654 4556 1711 4603; x_wconf 87' lang='lat' dir='ltr'><strong>tra·</strong></span> 
     </span>
     <span class='ocr_line' id='line_1_59' title="bbox 58 4634 1709 4720; baseline -0.015 -2"><span class='ocrx_word' id='word_1_629' title='bbox 58 4638 161 4695; x_wconf 59' lang='lat' dir='ltr'><strong>Mum*</strong></span> <span class='ocrx_word' id='word_1_630' title='bbox 186 4640 332 4698; x_wconf 68' lang='lat' dir='ltr'><strong>P²¹¹¹¹⁰¹¹¹²²</strong></span> <span class='ocrx_word' id='word_1_631' title='bbox 356 4640 491 4715; x_wconf 67' lang='lat' dir='ltr'><strong>(lllffllli</strong></span> <span class='ocrx_word' id='word_1_632' title='bbox 515 4658 568 4700; x_wconf 86' lang='lat' dir='ltr'><strong>n0¹¹</strong></span> <span class='ocrx_word' id='word_1_633' title='bbox 582 4659 636 4698; x_wconf 74' lang='lat'><strong>⁰¹¹⁰</strong></span> <span class='ocrx_word' id='word_1_634' title='bbox 659 4645 719 4701; x_wconf 75' lang='lat'><strong>¹0⁰⁰</strong></span> <span class='ocrx_word' id='word_1_635' title='bbox 738 4644 859 4701; x_wconf 69' lang='lat' dir='ltr'><strong>Allienn-</strong></span> <span class='ocrx_word' id='word_1_636' title='bbox 871 4634 1010 4716; x_wconf 80' lang='lat' dir='ltr'><strong>Delatus,</strong></span> <span class='ocrx_word' id='word_1_637' title='bbox 1025 4662 1077 4720; x_wconf 92' lang='lat' dir='ltr'><strong>qua</strong></span> <span class='ocrx_word' id='word_1_638' title='bbox 1092 4646 1228 4704; x_wconf 83' lang='lat' dir='ltr'><strong>uniuersae</strong></span> <span class='ocrx_word' id='word_1_639' title='bbox 1240 4644 1357 4699; x_wconf 81' lang='lat' dir='ltr'><strong>lrercses</strong></span> <span class='ocrx_word' id='word_1_640' title='bbox 1373 4641 1709 4711; x_wconf 54' lang='lat' dir='ltr'><strong>connectendusque„</strong></span> 
     </span>
     <span class='ocr_line' id='line_1_60' title="bbox 57 4734 1711 4817; baseline 0.001 -27"><span class='ocrx_word' id='word_1_641' title='bbox 57 4736 116 4792; x_wconf 91' lang='lat' dir='ltr'><strong>sius</strong></span> <span class='ocrx_word' id='word_1_642' title='bbox 134 4738 307 4797; x_wconf 81' lang='lat' dir='ltr'><strong>Alexandriae</strong></span> <span class='ocrx_word' id='word_1_643' title='bbox 323 4742 467 4812; x_wconf 85' lang='lat' dir='ltr'><strong>episcopus</strong></span> <span class='ocrx_word' id='word_1_644' title='bbox 481 4749 627 4814; x_wconf 91' lang='lat' dir='ltr'><strong>utrumque</strong></span> <span class='ocrx_word' id='word_1_645' title='bbox 639 4744 798 4803; x_wconf 90' lang='lat' dir='ltr'><strong>Pannoncm</strong></span> <span class='ocrx_word' id='word_1_646' title='bbox 812 4762 860 4801; x_wconf 88' lang='lat' dir='ltr'><strong>uu·</strong></span> <span class='ocrx_word' id='word_1_647' title='bbox 910 4746 937 4802; x_wconf 92' lang='lat' dir='ltr'><strong>in</strong></span> <span class='ocrx_word' id='word_1_648' title='bbox 949 4757 1017 4817; x_wconf 89' lang='lat' dir='ltr'><strong>quos</strong></span> <span class='ocrx_word' id='word_1_649' title='bbox 1027 4745 1080 4799; x_wconf 90' lang='lat' dir='ltr'><strong>boc</strong></span> <span class='ocrx_word' id='word_1_650' title='bbox 1091 4756 1160 4813; x_wconf 90' lang='lat' dir='ltr'><strong>opus</strong></span> <span class='ocrx_word' id='word_1_651' title='bbox 1174 4738 1368 4809; x_wconf 88' lang='lat' dir='ltr'><strong>scriptumest.</strong></span> <span class='ocrx_word' id='word_1_652' title='bbox 1395 4735 1563 4805; x_wconf 82' lang='lat' dir='ltr'><strong>Quamquam</strong></span> <span class='ocrx_word' id='word_1_653' title='bbox 1576 4775 1585 4801; x_wconf 87' lang='lat'><strong>,</strong></span> <span class='ocrx_word' id='word_1_654' title='bbox 1600 4742 1629 4790; x_wconf 91' lang='lat' dir='ltr'><strong>ut</strong></span> <span class='ocrx_word' id='word_1_655' title='bbox 1639 4734 1711 4804; x_wconf 85' lang='lat' dir='ltr'><strong>quod</strong></span> 
     </span>
     <span class='ocr_line' id='line_1_61' title="bbox 55 4825 1713 4910; baseline -0.002 -23"><span class='ocrx_word' id='word_1_656' title='bbox 55 4834 110 4899; x_wconf 84' lang='lat' dir='ltr'><strong>cet)</strong></span> <span class='ocrx_word' id='word_1_657' title='bbox 126 4834 245 4907; x_wconf 88' lang='lat' dir='ltr'><strong>episcopi</strong></span> <span class='ocrx_word' id='word_1_658' title='bbox 261 4850 322 4892; x_wconf 89' lang='lat' dir='ltr'><strong>cum</strong></span> <span class='ocrx_word' id='word_1_659' title='bbox 335 4832 402 4893; x_wconf 85' lang='lat' dir='ltr'><strong>Gaio</strong></span> <span class='ocrx_word' id='word_1_660' title='bbox 415 4852 491 4909; x_wconf 77' lang='lat' dir='ltr'><strong>aeque</strong></span> <span class='ocrx_word' id='word_1_661' title='bbox 510 4836 658 4910; x_wconf 86' lang='lat' dir='ltr'><strong>Paunone,</strong></span> <span class='ocrx_word' id='word_1_662' title='bbox 674 4849 703 4897; x_wconf 98' lang='lat' dir='ltr'><strong>et</strong></span> <span class='ocrx_word' id='word_1_663' title='bbox 716 4839 859 4900; x_wconf 81' lang='lat' dir='ltr'><strong>Geruriulo</strong></span> <span class='ocrx_word' id='word_1_664' title='bbox 911 4838 1000 4895; x_wconf 84' lang='lat' dir='ltr'><strong>sentio</strong></span> <span class='ocrx_word' id='word_1_665' title='bbox 1014 4835 1113 4897; x_wconf 90' lang='lat' dir='ltr'><strong>dicam.</strong></span> <span class='ocrx_word' id='word_1_666' title='bbox 1123 4834 1183 4889; x_wconf 77' lang='lat' dir='ltr'><strong>bec</strong></span> <span class='ocrx_word' id='word_1_667' title='bbox 1192 4831 1252 4887; x_wconf 89' lang='lat' dir='ltr'><strong>libri</strong></span> <span class='ocrx_word' id='word_1_668' title='bbox 1264 4830 1405 4900; x_wconf 90' lang='lat' dir='ltr'><strong>inscriptio</strong></span> <span class='ocrx_word' id='word_1_669' title='bbox 1417 4831 1503 4885; x_wconf 87' lang='lat' dir='ltr'><strong>mutto</strong></span> <span class='ocrx_word' id='word_1_670' title='bbox 1516 4828 1576 4900; x_wconf 90' lang='lat' dir='ltr'><strong>plus</strong></span> <span class='ocrx_word' id='word_1_671' title='bbox 1587 4829 1613 4883; x_wconf 93' lang='lat' dir='ltr'><strong>in</strong></span> <span class='ocrx_word' id='word_1_672' title='bbox 1623 4825 1713 4883; x_wconf 78' lang='lat' dir='ltr'><strong>laoniae</strong></span> 
     </span>
     <span class='ocr_line' id='line_1_62' title="bbox 56 4922 1713 5005; baseline 0 -26"><span class='ocrx_word' id='word_1_673' title='bbox 56 4922 152 4998; x_wconf 87' lang='lat' dir='ltr'><strong>Cyzici</strong></span> <span class='ocrx_word' id='word_1_674' title='bbox 167 4928 280 4996; x_wconf 83' lang='lat' dir='ltr'><strong>priunum</strong></span> <span class='ocrx_word' id='word_1_675' title='bbox 294 4928 392 4984; x_wconf 88' lang='lat' dir='ltr'><strong>deinde</strong></span> <span class='ocrx_word' id='word_1_676' title='bbox 403 4929 493 4986; x_wconf 87' lang='lat' dir='ltr'><strong>Sirmii</strong></span> <span class='ocrx_word' id='word_1_677' title='bbox 508 4932 655 5003; x_wconf 89' lang='lat' dir='ltr'><strong>episcopo,</strong></span> <span class='ocrx_word' id='word_1_678' title='bbox 680 4936 764 4992; x_wconf 90' lang='lat' dir='ltr'><strong>totius</strong></span> <span class='ocrx_word' id='word_1_679' title='bbox 778 4936 859 4993; x_wconf 87' lang='lat' dir='ltr'><strong>Ario·</strong></span> <span class='ocrx_word' id='word_1_680' title='bbox 911 4932 1144 5005; x_wconf 86' lang='lat' dir='ltr'><strong>spondeat,quam</strong></span> <span class='ocrx_word' id='word_1_681' title='bbox 1153 4924 1293 4997; x_wconf 85' lang='lat' dir='ltr'><strong>praestetin</strong></span> <span class='ocrx_word' id='word_1_682' title='bbox 1300 4938 1409 4981; x_wconf 87' lang='lat' dir='ltr'><strong>recessu</strong></span> <span class='ocrx_word' id='word_1_683' title='bbox 1420 4922 1470 4995; x_wconf 59' lang='lat' dir='ltr'><strong>(cb</strong></span> <span class='ocrx_word' id='word_1_684' title='bbox 1480 4922 1532 4979; x_wconf 87' lang='lat' dir='ltr'><strong>uisi</strong></span> <span class='ocrx_word' id='word_1_685' title='bbox 1543 4922 1613 4994; x_wconf 85' lang='lat' dir='ltr'><strong>quod</strong></span> <span class='ocrx_word' id='word_1_686' title='bbox 1621 4922 1713 4992; x_wconf 85' lang='lat' dir='ltr'><strong>operis</strong></span> 
     </span>
     <span class='ocr_line' id='line_1_63' title="bbox 57 5015 1713 5099; baseline 0.001 -29"><span class='ocrx_word' id='word_1_687' title='bbox 57 5030 204 5073; x_wconf 89' lang='lat' dir='ltr'><strong>manorum</strong></span> <span class='ocrx_word' id='word_1_688' title='bbox 214 5018 502 5092; x_wconf 73' lang='lat' dir='ltr'><strong>Tragrediaeclroruyi,</strong></span> <span class='ocrx_word' id='word_1_689' title='bbox 520 5033 600 5094; x_wconf 90' lang='lat' dir='ltr'><strong>atque</strong></span> <span class='ocrx_word' id='word_1_690' title='bbox 626 5025 695 5082; x_wconf 90' lang='lat' dir='ltr'><strong>adeo</strong></span> <span class='ocrx_word' id='word_1_691' title='bbox 709 5025 860 5099; x_wconf 80' lang='lat' dir='ltr'><strong>hypocritae</strong></span> <span class='ocrx_word' id='word_1_692' title='bbox 912 5026 1042 5099; x_wconf 74' lang='lat' dir='ltr'><strong>longioris</strong></span> <span class='ocrx_word' id='word_1_693' title='bbox 1069 5021 1193 5095; x_wconf 91' lang='lat' dir='ltr'><strong>pluribus</strong></span> <span class='ocrx_word' id='word_1_694' title='bbox 1219 5023 1334 5075; x_wconf 86' lang='lat' dir='ltr'><strong>tortasse</strong></span> <span class='ocrx_word' id='word_1_695' title='bbox 1357 5021 1547 5088; x_wconf 87' lang='lat' dir='ltr'><strong>comprelacnst</strong></span> <span class='ocrx_word' id='word_1_696' title='bbox 1571 5015 1658 5081; x_wconf 84' lang='lat' dir='ltr'><strong>libris,</strong></span> <span class='ocrx_word' id='word_1_697' title='bbox 1684 5024 1713 5071; x_wconf 90' lang='lat' dir='ltr'><strong>ct</strong></span> 
     </span>
     <span class='ocr_line' id='line_1_64' title="bbox 56 5108 1713 5193; baseline -0.013 -7"><span class='ocrx_word' id='word_1_698' title='bbox 56 5108 210 5166; x_wconf 60' lang='lat' dir='ltr'><strong>eiffleflffli</strong></span> <span class='ocrx_word' id='word_1_699' title='bbox 240 5112 272 5168; x_wconf 62' lang='lat' dir='ltr'><strong>id</strong></span> <span class='ocrx_word' id='word_1_700' title='bbox 299 5126 368 5185; x_wconf 74' lang='lat' dir='ltr'><strong>lll¹⁰³</strong></span> <span class='ocrx_word' id='word_1_701' title='bbox 392 5128 472 5193; x_wconf 83' lang='lat' dir='ltr'><strong>curm,</strong></span> <span class='ocrx_word' id='word_1_702' title='bbox 512 5123 543 5169; x_wconf 90' lang='lat' dir='ltr'><strong>ttt</strong></span> <span class='ocrx_word' id='word_1_703' title='bbox 563 5115 601 5170; x_wconf 90' lang='lat' dir='ltr'><strong>ait</strong></span> <span class='ocrx_word' id='word_1_704' title='bbox 624 5126 718 5176; x_wconf 88' lang='lat' dir='ltr'><strong>noster</strong></span> <span class='ocrx_word' id='word_1_705' title='bbox 743 5120 860 5179; x_wconf 88' lang='lat' dir='ltr'><strong>llilarlus</strong></span> <span class='ocrx_word' id='word_1_706' title='bbox 913 5118 1075 5178; x_wconf 88' lang='lat' dir='ltr'><strong>narrationis</strong></span> <span class='ocrx_word' id='word_1_707' title='bbox 1090 5123 1194 5172; x_wconf 81' lang='lat' dir='ltr'><strong>exactae</strong></span> <span class='ocrx_word' id='word_1_708' title='bbox 1215 5128 1310 5171; x_wconf 90' lang='lat' dir='ltr'><strong>eorum</strong></span> <span class='ocrx_word' id='word_1_709' title='bbox 1330 5128 1391 5184; x_wconf 74' lang='lat' dir='ltr'><strong>quie</strong></span> <span class='ocrx_word' id='word_1_710' title='bbox 1414 5110 1578 5168; x_wconf 84' lang='lat' dir='ltr'><strong>Ariminensi</strong></span> <span class='ocrx_word' id='word_1_711' title='bbox 1597 5109 1713 5166; x_wconf 84' lang='lat' dir='ltr'><strong>concilio</strong></span> 
     </span>
     <span class='ocr_line' id='line_1_65' title="bbox 57 5198 1712 5291; baseline -0.007 -17"><span class='ocrx_word' id='word_1_712' title='bbox 57 5198 295 5273; x_wconf 56' lang='grc'><strong>(5054415554,</strong></span> <span class='ocrx_word' id='word_1_713' title='bbox 314 5221 341 5260; x_wconf 67' lang='grc' dir='ltr'><strong>π·</strong></span> <span class='ocrx_word' id='word_1_714' title='bbox 367 5205 408 5277; x_wconf 81' lang='lat' dir='ltr'><strong>l),</strong></span> <span class='ocrx_word' id='word_1_715' title='bbox 428 5198 523 5262; x_wconf 75' lang='lat' dir='ltr'><strong>Arisuii</strong></span> <span class='ocrx_word' id='word_1_716' title='bbox 537 5207 654 5265; x_wconf 88' lang='lat' dir='ltr'><strong>nominis</strong></span> <span class='ocrx_word' id='word_1_717' title='bbox 676 5210 821 5268; x_wconf 74' lang='lat' dir='ltr'><strong>bzoredltas</strong></span> <span class='ocrx_word' id='word_1_718' title='bbox 833 5224 860 5269; x_wconf 89' lang='lat' dir='ltr'><strong>et</strong></span> <span class='ocrx_word' id='word_1_719' title='bbox 912 5226 987 5291; x_wconf 73' lang='lat' dir='ltr'><strong>gesta</strong></span> <span class='ocrx_word' id='word_1_720' title='bbox 1002 5226 1075 5281; x_wconf 86' lang='lat' dir='ltr'><strong>sunt,</strong></span> <span class='ocrx_word' id='word_1_721' title='bbox 1093 5212 1137 5270; x_wconf 87' lang='lat' dir='ltr'><strong>uel</strong></span> <span class='ocrx_word' id='word_1_722' title='bbox 1149 5226 1211 5285; x_wconf 79' lang='lat' dir='ltr'><strong>que</strong></span> <span class='ocrx_word' id='word_1_723' title='bbox 1225 5211 1321 5282; x_wconf 84' lang='lat' dir='ltr'><strong>ipsum·</strong></span> <span class='ocrx_word' id='word_1_724' title='bbox 1331 5215 1545 5280; x_wconf 78' lang='lat' dir='ltr'><strong>precesserunt.</strong></span> <span class='ocrx_word' id='word_1_725' title='bbox 1561 5215 1607 5263; x_wconf 85' lang='lat' dir='ltr'><strong>aut</strong></span> <span class='ocrx_word' id='word_1_726' title='bbox 1620 5217 1712 5279; x_wconf 90' lang='lat' dir='ltr'><strong>postca</strong></span> 
     </span>
     <span class='ocr_line' id='line_1_66' title="bbox 56 5296 1713 5375; baseline 0.004 -26"><span class='ocrx_word' id='word_1_727' title='bbox 56 5297 200 5351; x_wconf 88' lang='lat' dir='ltr'><strong>successio</strong></span> <span class='ocrx_word' id='word_1_728' title='bbox 214 5296 389 5367; x_wconf 82' lang='lat' dir='ltr'><strong>deduxisset,</strong></span> <span class='ocrx_word' id='word_1_729' title='bbox 412 5314 465 5355; x_wconf 92' lang='lat' dir='ltr'><strong>non</strong></span> <span class='ocrx_word' id='word_1_730' title='bbox 491 5301 551 5355; x_wconf 90' lang='lat' dir='ltr'><strong>ausi</strong></span> <span class='ocrx_word' id='word_1_731' title='bbox 571 5309 666 5372; x_wconf 87' lang='lat' dir='ltr'><strong>apertu</strong></span> <span class='ocrx_word' id='word_1_732' title='bbox 685 5302 769 5361; x_wconf 74' lang='lat' dir='ltr'><strong>barte</strong></span> <span class='ocrx_word' id='word_1_733' title='bbox 798 5306 861 5365; x_wconf 88' lang='lat' dir='ltr'><strong>lldei</strong></span> <span class='ocrx_word' id='word_1_734' title='bbox 913 5320 1005 5368; x_wconf 86' lang='lat' dir='ltr'><strong>secuta</strong></span> <span class='ocrx_word' id='word_1_735' title='bbox 1030 5317 1116 5375; x_wconf 88' lang='lat' dir='ltr'><strong>sum,</strong></span> <span class='ocrx_word' id='word_1_736' title='bbox 1141 5305 1250 5362; x_wconf 88' lang='lat' dir='ltr'><strong>initium</strong></span> <span class='ocrx_word' id='word_1_737' title='bbox 1274 5310 1375 5358; x_wconf 83' lang='lat' dir='ltr'><strong>tanturn</strong></span> <span class='ocrx_word' id='word_1_738' title='bbox 1401 5316 1434 5356; x_wconf 91' lang='lat' dir='ltr'><strong>ac</strong></span> <span class='ocrx_word' id='word_1_739' title='bbox 1458 5300 1564 5355; x_wconf 88' lang='lat' dir='ltr'><strong>diuulsa</strong></span> <span class='ocrx_word' id='word_1_740' title='bbox 1589 5299 1713 5372; x_wconf 83' lang='lat' dir='ltr'><strong>quadarn</strong></span> 
     </span>
     <span class='ocr_line' id='line_1_67' title="bbox 54 5385 1714 5475; baseline -0.014 -1"><span class='ocrx_word' id='word_1_741' title='bbox 54 5385 179 5443; x_wconf 40' lang='lat' dir='ltr'><strong>³³¹⁰aessae</strong></span> <span class='ocrx_word' id='word_1_742' title='bbox 193 5390 292 5446; x_wconf 60' lang='lat' dir='ltr'>&#39;&#39;eum&#39;&#39;</span> <span class='ocrx_word' id='word_1_743' title='bbox 305 5391 765 5464; x_wconf 57' lang='lat' dir='ltr'><strong>i&#39;&#39;ilice&#39;‘⁸¹¹¹¹¹2⁸²³1³⁸⁰Ast¹l¹¹²⁸l0t</strong></span> <span class='ocrx_word' id='word_1_744' title='bbox 780 5412 860 5467; x_wconf 73' lang='lat' dir='ltr'><strong>‘litem</strong></span> <span class='ocrx_word' id='word_1_745' title='bbox 913 5403 1074 5475; x_wconf 74' lang='lat' dir='ltr'><strong>fragmenta.</strong></span> <span class='ocrx_word' id='word_1_746' title='bbox 1089 5408 1247 5457; x_wconf 90' lang='lat' dir='ltr'><strong>nouantem</strong></span> <span class='ocrx_word' id='word_1_747' title='bbox 1262 5396 1396 5466; x_wconf 73' lang='lat' dir='ltr'><strong>integrum</strong></span> <span class='ocrx_word' id='word_1_748' title='bbox 1410 5406 1479 5464; x_wconf 87' lang='lat' dir='ltr'><strong>opus</strong></span> <span class='ocrx_word' id='word_1_749' title='bbox 1490 5393 1531 5448; x_wconf 84' lang='lat' dir='ltr'><strong>acl</strong></span> <span class='ocrx_word' id='word_1_750' title='bbox 1547 5392 1646 5450; x_wconf 92' lang='lat' dir='ltr'><strong>librum</strong></span> <span class='ocrx_word' id='word_1_751' title='bbox 1670 5392 1714 5450; x_wconf 90' lang='lat' dir='ltr'><strong>bic</strong></span> 
     </span>
     <span class='ocr_line' id='line_1_68' title="bbox 56 5480 1713 5563; baseline -0.014 2"><span class='ocrx_word' id='word_1_752' title='bbox 56 5480 489 5555; x_wconf 65' lang='lat' dir='ltr'><strong>⁵¹¹0¹¹¹¹¹¹ffl¹⁰¹¹¹¹⁵i¹¹¹⁰tlesie</strong></span> <span class='ocrx_word' id='word_1_753' title='bbox 505 5497 742 5559; x_wconf 69' lang='lat' dir='ltr'><strong>propugnatorem,</strong></span> <span class='ocrx_word' id='word_1_754' title='bbox 757 5504 790 5547; x_wconf 76' lang='lat' dir='ltr'><strong>ac</strong></span> <span class='ocrx_word' id='word_1_755' title='bbox 805 5492 862 5563; x_wconf 81' lang='lat' dir='ltr'><strong>pta·</strong></span> <span class='ocrx_word' id='word_1_756' title='bbox 913 5495 1036 5554; x_wconf 75' lang='lat' dir='ltr'><strong>exussere</strong></span> <span class='ocrx_word' id='word_1_757' title='bbox 1049 5508 1158 5551; x_wconf 75' lang='lat' dir='ltr'><strong>censeo.</strong></span> <span class='ocrx_word' id='word_1_758' title='bbox 1172 5489 1283 5547; x_wconf 74' lang='lat' dir='ltr'><strong>suune</strong></span> <span class='ocrx_word' id='word_1_759' title='bbox 1297 5494 1391 5543; x_wconf 74' lang='lat' dir='ltr'><strong>auem</strong></span> <span class='ocrx_word' id='word_1_760' title='bbox 1410 5483 1491 5556; x_wconf 77' lang='lat' dir='ltr'><strong>ocyus</strong></span> <span class='ocrx_word' id='word_1_761' title='bbox 1505 5484 1567 5541; x_wconf 78' lang='lat' dir='ltr'><strong>trus</strong></span> <span class='ocrx_word' id='word_1_762' title='bbox 1581 5485 1671 5542; x_wconf 76' lang='lat' dir='ltr'><strong>sustin</strong></span> <span class='ocrx_word' id='word_1_763' title='bbox 1687 5487 1713 5543; x_wconf 85' lang='lat' dir='ltr'><strong>u</strong></span> 
     </span>
    </p>
   </div>
   <div class='ocr_carea' id='block_1_11' title="bbox 55 5642 1715 5947">
    <p class='ocr_par' dir='ltr' id='par_1_12' title="bbox 55 5642 1715 5947">
     <span class='ocr_line' id='line_1_69' title="bbox 95 5642 1714 5769; baseline 0.006 -71"><span class='ocrx_word' id='word_1_764' title='bbox 95 5642 139 5715; x_wconf 81' lang='lat' dir='ltr'><strong>(a)</strong></span> <span class='ocrx_word' id='word_1_765' title='bbox 153 5642 216 5769; x_wconf 61' lang='lat' dir='ltr'><strong>ypra</strong></span> <span class='ocrx_word' id='word_1_766' title='bbox 226 5644 271 5729; x_wconf 78' lang='lat' dir='ltr'><strong>bic</strong></span> <span class='ocrx_word' id='word_1_767' title='bbox 282 5646 396 5702; x_wconf 90' lang='lat' dir='ltr'><strong>conluse</strong></span> <span class='ocrx_word' id='word_1_768' title='bbox 406 5654 560 5729; x_wconf 67' lang='lat' dir='ltr'><strong>narrantur,</strong></span> <span class='ocrx_word' id='word_1_769' title='bbox 572 5649 680 5705; x_wconf 88' lang='lat' dir='ltr'><strong>errandi</strong></span> <span class='ocrx_word' id='word_1_770' title='bbox 690 5650 779 5707; x_wconf 81' lang='lat' dir='ltr'><strong>luerim</strong></span> <span class='ocrx_word' id='word_1_771' title='bbox 793 5670 859 5723; x_wconf 81' lang='lat' dir='ltr'><strong>prae·</strong></span> <span class='ocrx_word' id='word_1_772' title='bbox 948 5659 987 5735; x_wconf 84' lang='lat' dir='ltr'><strong>(b)</strong></span> <span class='ocrx_word' id='word_1_773' title='bbox 1007 5658 1060 5715; x_wconf 82' lang='lat' dir='ltr'><strong>Aut</strong></span> <span class='ocrx_word' id='word_1_774' title='bbox 1080 5658 1171 5727; x_wconf 88' lang='lat' dir='ltr'><strong>potius</strong></span> <span class='ocrx_word' id='word_1_775' title='bbox 1190 5662 1312 5712; x_wconf 88' lang='lat' dir='ltr'><strong>statuere</strong></span> <span class='ocrx_word' id='word_1_776' title='bbox 1328 5656 1466 5705; x_wconf 88' lang='lat' dir='ltr'><strong>tentarunt</strong></span> <span class='ocrx_word' id='word_1_777' title='bbox 1481 5666 1488 5705; x_wconf 74' lang='grc' dir='ltr'><strong><em>ε</em></strong></span> <span class='ocrx_word' id='word_1_778' title='bbox 1503 5658 1531 5705; x_wconf 90' lang='lat' dir='ltr'><strong>at</strong></span> <span class='ocrx_word' id='word_1_779' title='bbox 1552 5650 1656 5721; x_wconf 83' lang='lat' dir='ltr'><strong>objecta</strong></span> <span class='ocrx_word' id='word_1_780' title='bbox 1672 5650 1714 5707; x_wconf 89' lang='lat' dir='ltr'><strong>di·</strong></span> 
     </span>
     <span class='ocr_line' id='line_1_70' title="bbox 55 5713 1715 5797; baseline 0.005 -28"><span class='ocrx_word' id='word_1_781' title='bbox 55 5713 137 5769; x_wconf 91' lang='lat' dir='ltr'><strong>beut.</strong></span> <span class='ocrx_word' id='word_1_782' title='bbox 175 5731 259 5773; x_wconf 79' lang='lat' dir='ltr'><strong>amosi</strong></span> <span class='ocrx_word' id='word_1_783' title='bbox 274 5730 335 5773; x_wconf 86' lang='lat' dir='ltr'><strong>sunt</strong></span> <span class='ocrx_word' id='word_1_784' title='bbox 352 5716 454 5775; x_wconf 87' lang='lat' dir='ltr'><strong>Ursauii</strong></span> <span class='ocrx_word' id='word_1_785' title='bbox 484 5728 512 5773; x_wconf 89' lang='lat' dir='ltr'><strong>et</strong></span> <span class='ocrx_word' id='word_1_786' title='bbox 537 5719 657 5776; x_wconf 75' lang='lat' dir='ltr'><strong>talentis</strong></span> <span class='ocrx_word' id='word_1_787' title='bbox 674 5722 860 5797; x_wconf 90' lang='lat' dir='ltr'><strong>libelli‚quns</strong></span> <span class='ocrx_word' id='word_1_788' title='bbox 912 5721 1715 5794; x_wconf 76' lang='lat' dir='ltr'><strong>luerenunualentes,lorunrutaquncoustantinonolicdita</strong></span> 
     </span>
     <span class='ocr_line' id='line_1_71' title="bbox 55 5741 1592 5873; baseline 0.015 -32"><span class='ocrx_word' id='word_1_789' title='bbox 55 5784 217 5873; x_wconf 71' lang='lat' dir='ltr'><strong>Sardiceusi</strong></span> <span class='ocrx_word' id='word_1_790' title='bbox 238 5788 343 5872; x_wconf 81' lang='lat' dir='ltr'><strong>syuodo</strong></span> <span class='ocrx_word' id='word_1_791' title='bbox 367 5804 419 5845; x_wconf 94' lang='lat' dir='ltr'><strong>nen</strong></span> <span class='ocrx_word' id='word_1_792' title='bbox 446 5789 627 5872; x_wconf 79' lang='lat' dir='ltr'><strong>obtulerunta</strong></span> <span class='ocrx_word' id='word_1_793' title='bbox 646 5808 700 5863; x_wconf 87' lang='lat' dir='ltr'><strong>qua</strong></span> <span class='ocrx_word' id='word_1_794' title='bbox 722 5808 783 5850; x_wconf 92' lang='lat' dir='ltr'><strong>cum</strong></span> <span class='ocrx_word' id='word_1_795' title='bbox 798 5797 860 5855; x_wconf 82' lang='lat' dir='ltr'><strong>eliis</strong></span> <span class='ocrx_word' id='word_1_796' title='bbox 913 5812 982 5867; x_wconf 88' lang='lat' dir='ltr'><strong>erat,</strong></span> <span class='ocrx_word' id='word_1_797' title='bbox 998 5805 1119 5865; x_wconf 83' lang='lat' dir='ltr'><strong>recitata,</strong></span> <span class='ocrx_word' id='word_1_798' title='bbox 1133 5801 1268 5856; x_wconf 85' lang='lat' dir='ltr'><strong>abierunt.</strong></span> <span class='ocrx_word' id='word_1_799' title='bbox 1288 5795 1378 5870; x_wconf 62' lang='lat' dir='ltr'><strong>(Sam</strong></span> <span class='ocrx_word' id='word_1_800' title='bbox 1393 5794 1413 5851; x_wconf 82' lang='lat' dir='ltr'><strong>l·</strong></span> <span class='ocrx_word' id='word_1_801' title='bbox 1431 5810 1461 5861; x_wconf 89' lang='lat' dir='ltr'><strong>u,</strong></span> <span class='ocrx_word' id='word_1_802' title='bbox 1485 5813 1509 5851; x_wconf 68' lang='grc' dir='ltr'><strong>θ·</strong></span> <span class='ocrx_word' id='word_1_803' title='bbox 1532 5741 1592 5870; x_wconf 65' lang='grc'><strong>455</strong></span> 
     </span>
     <span class='ocr_line' id='line_1_72' title="bbox 56 5856 1712 5947; baseline 0.006 -36"><span class='ocrx_word' id='word_1_804' title='bbox 56 5856 214 5927; x_wconf 71' lang='lat' dir='ltr'><strong>protractus</strong></span> <span class='ocrx_word' id='word_1_805' title='bbox 225 5860 360 5916; x_wconf 82' lang='lat' dir='ltr'><strong>luaeretrcns</strong></span> <span class='ocrx_word' id='word_1_806' title='bbox 372 5859 490 5917; x_wconf 79' lang='lat' dir='ltr'><strong>damuati</strong></span> <span class='ocrx_word' id='word_1_807' title='bbox 506 5870 578 5919; x_wconf 87' lang='lat' dir='ltr'><strong>sunt.</strong></span> <span class='ocrx_word' id='word_1_808' title='bbox 792 5904 795 5907; x_wconf 87' lang='lat'><em>-</em></span> <span class='ocrx_word' id='word_1_809' title='bbox 946 5873 983 5947; x_wconf 73' lang='lat' dir='ltr'><strong>(c)</strong></span> <span class='ocrx_word' id='word_1_810' title='bbox 995 5871 1100 5932; x_wconf 80' lang='lat' dir='ltr'><strong>Titulus</strong></span> <span class='ocrx_word' id='word_1_811' title='bbox 1115 5871 1194 5944; x_wconf 81' lang='lat' dir='ltr'><strong>hujus</strong></span> <span class='ocrx_word' id='word_1_812' title='bbox 1204 5868 1266 5929; x_wconf 90' lang='lat' dir='ltr'><strong>libri</strong></span> <span class='ocrx_word' id='word_1_813' title='bbox 1281 5870 1360 5941; x_wconf 87' lang='lat' dir='ltr'><strong>plura</strong></span> <span class='ocrx_word' id='word_1_814' title='bbox 1374 5866 1490 5938; x_wconf 88' lang='lat' dir='ltr'><strong>spondet</strong></span> <span class='ocrx_word' id='word_1_815' title='bbox 1500 5877 1712 5942; x_wconf 81' lang='lat' dir='ltr'><strong>quamprrestat.</strong></span> 
     </span>
    </p>
   </div>
   <div class='ocr_carea' id='block_1_12' title="bbox 0 0 2014 6311">
    <p class='ocr_par' dir='ltr' id='par_1_13' title="bbox 0 0 2014 6311">
     <span class='ocr_line' id='line_1_73' title="bbox 0 0 2014 6311; baseline 0 0"><span class='ocrx_word' id='word_1_816' title='bbox 0 0 2014 6311; x_wconf 95' lang='lat' dir='ltr'><strong> </strong></span> 
     </span>
    </p>
   </div>
   <div class='ocr_carea' id='block_1_13' title="bbox 910 3798 1805 3875">
    <p class='ocr_par' dir='ltr' id='par_1_14' title="bbox 910 3798 1805 3875">
     <span class='ocr_line' id='line_1_74' title="bbox 910 3798 1805 3875; baseline -0.019 -11"><span class='ocrx_word' id='word_1_817' title='bbox 910 3811 1013 3865; x_wconf 90' lang='lat' dir='ltr'><strong>tionem</strong></span> <span class='ocrx_word' id='word_1_818' title='bbox 1029 3805 1124 3862; x_wconf 84' lang='lat' dir='ltr'><strong>baberi</strong></span> <span class='ocrx_word' id='word_1_819' title='bbox 1137 3802 1336 3875; x_wconf 74' lang='lat' dir='ltr'><strong>significarunt,</strong></span> <span class='ocrx_word' id='word_1_820' title='bbox 1352 3800 1400 3856; x_wconf 92' lang='lat' dir='ltr'><strong>sed</strong></span> <span class='ocrx_word' id='word_1_821' title='bbox 1422 3799 1548 3870; x_wconf 90' lang='lat' dir='ltr'><strong>inoperto</strong></span> <span class='ocrx_word' id='word_1_822' title='bbox 1562 3798 1652 3867; x_wconf 84' lang='lat' dir='ltr'><strong>capite</strong></span> <span class='ocrx_word' id='word_1_823' title='bbox 1662 3811 1712 3867; x_wconf 89' lang='lat' dir='ltr'><strong>pu-</strong></span> <span class='ocrx_word' id='word_1_824' title='bbox 1800 3798 1805 3813; x_wconf 93' lang='grc'>·</span> 
     </span>
    </p>
   </div>
  </div>
 </body>
</html>
