4017 6317
820 894 1311 1032 ELENCHUS

305 1384 560 1474 OPERUM
588 1384 727 1499 QUAE
754 1384 816 1471 IN
845 1383 971 1477 HOC
998 1384 1316 1493 VOLUMINE
1351 1379 1808 1469 CONTINENTUR.

315 2318 362 2380 lle
375 2314 535 2381 Trinitate
546 2314 620 2378 libri
635 2315 815 2383 duodecim.

318 2420 415 2483 Liber
431 2420 470 2483 de
480 2419 616 2502 synodis
633 2438 692 2484 seu
705 2420 783 2483 Fide
800 2419 1028 2497 Orientalium.

314 2521 525 2603 Apologetica
541 2520 581 2585 ad
596 2523 848 2603 reprehensores
864 2522 939 2585 libri
959 2522 999 2584 de
1017 2516 1154 2602 synodis
1171 2528 1349 2597 respersa.

314 2619 432 2684 Hilarii
447 2622 584 2700 epistola
598 2620 639 2685 ad
653 2622 774 2689 Abram
790 2621 891 2687 liliam
908 2632 1014 2687 suam.

306 2720 461 2801 *Hymnus
476 2720 579 2784 eidem
595 2721 637 2785 ab
653 2722 767 2785 eodem
777 2722 912 2787 missua.

313 2821 461 2887 Censura
475 2822 610 2887 alteriue
625 2822 738 2907 hymni
750 2824 877 2891 Hilario
894 2838 1066 2907 perperam
1081 2820 1206 2886 tributi.

312 2924 402 2989 Libri
415 2927 481 2989 duo
494 2925 536 2989 ad
552 2926 776 2993 Constantium
789 2927 987 3011 Angustum.

313 3027 411 3091 Liber
426 3030 540 3093 centra
557 3026 795 3093 Constantium.

311 3132 409 3194 Liber
429 3136 544 3196 eontra
556 3130 696 3196 Arianos
710 3132 763 3197 val
779 3132 992 3197 Auxentium.

228 3266 231 3271 ·
313 3234 503 3309 Quindecim
515 3235 711 3317 Fragmenta
724 3255 767 3301 ex
781 3236 888 3317 Opere
901 3236 1079 3301 Historiae.

284 3364 286 3367 ·
311 3336 508 3416 Fragmenta
522 3355 564 3399 ex
577 3337 650 3401 aliie
665 3337 697 3399 S.
714 3337 830 3401 Hilarii
849 3338 1015 3418 operibns.

312 3438 345 3501 S.
360 3436 475 3501 Hilarii
492 3438 640 3517 Epistola
658 3456 715 3503 seu
733 3438 875 3502 Libellus
888 3455 963 3501 eum
981 3435 1168 3517 praelatione
1183 3438 1216 3501 et
1228 3430 1524 3499 dissertationibus.

314 3540 426 3603 Sermo
437 3540 474 3601 B.
492 3538 609 3604 Hilarii
620 3540 659 3603 de
672 3540 875 3619 dedicatione
891 3539 1046 3603 eeclesiae.

313 3646 410 3710 Liber
422 3645 461 3709 de
476 3644 549 3707 Filii
565 3647 598 3709 et
610 3646 715 3725 Patria
731 3645 871 3710 Unitate.

311 3746 408 3810 Liber
422 3747 461 3809 de
475 3744 626 3810 Essentia
638 3745 742 3810 Patris
755 3748 788 3809 et
799 3745 887 3809 Filii.

313 3846 438 3911 Nicolai
449 3846 547 3909 Fabri
561 3846 595 3909 in
610 3846 806 3929 Fragmenta
818 3846 934 3911 Hilarii
950 3843 1107 3928 prelatio.

241 3948 244 3961 '
312 3949 414 4013 ludex
426 3964 536 4012 rernm
549 3950 580 4010 et
593 3948 841 4015 sententiarum.

312 4051 415 4116 iudex
429 4051 630 4119 Gloaaarum.
