4017 6317
57 301 110 361 tta
543 292 647 356 bilibit
672 289 717 351 titi
734 286 857 357 earnis
876 284 922 344 tir
943 285 1021 347 rthtt
1042 287 1205 356 tttttrtre.
1652 288 1705 349 88d

55 428 124 473 unus
136 428 169 471 er
181 426 246 483 uno,
262 425 342 469 raros
357 426 372 467 a
387 422 463 479 aero,
477 407 554 465 rivus
567 421 582 463 a
595 406 668 473 riro,
688 402 849 476 perlectusa
864 404 983 477 Amana
1008 419 1057 460 sua
1079 404 1177 479 operit,
1199 418 1289 479 pugno
1309 418 1417 463 omnem
1441 402 1572 464 mundum
1590 404 1702 478 claudit,

53 506 185 581 perlecto,
200 504 309 561 virtutis
326 502 423 573 uirtus,
444 499 584 573 sapientiae
605 498 748 573 sapientia,
764 494 850 567 gloria
903 509 983 565 qtrenr
1007 505 1093 553 totum
1117 500 1208 555 omnia
1228 499 1364 568 nesciunt,
1386 505 1414 554 et
1431 499 1578 557 metuendo
1601 503 1701 571 sciunt,

53 598 158 673 gloriae,
179 596 268 671 imago
281 592 422 651 invisibilis
444 592 502 661 bet,
519 591 605 648 lorma
619 588 703 661 patris
716 588 850 671 ingeniti:
905 586 985 657 cujus
1005 590 1107 646 nomini
1131 600 1159 648 et
1178 592 1273 648 virtuti
1293 590 1467 661 famulantur,
1482 591 1555 649 hunc
1577 594 1654 650 orbis
1668 610 1702 651 ex

53 694 136 751 habet
158 692 239 764 igitur
260 688 408 749 nativitatis
429 687 509 759 hujus
529 686 622 758 utiquc
648 694 782 741 secretum
797 678 852 755 (lla
903 681 960 755 ipsa
975 684 1170 745 elementorum
1184 688 1235 745 sibi
1245 690 1447 747 succedentium
1462 701 1652 756 momentanea
1663 692 1704 748 ri·

53 804 126 845 aum.
141 784 180 859 9).
195 784 229 841 llt
243 784 266 841 si
277 784 337 857 quis
350 782 418 839 lorte
433 780 618 853 intelligentiae
631 793 688 835 suaa
701 778 851 849 inputare·
902 776 1060 863 cissitudine
1080 787 1203 837 testatur.

53 879 98 945 rit,
115 873 300 949 generationis
316 873 395 945 hujus
409 880 606 930 sacramentum
619 886 673 925 uon
687 883 768 943 posse
782 883 850 924 con·
938 869 1017 928 ilatio
1030 874 1151 944 quaedam
1163 883 1216 943 est,
1226 890 1285 945 quae
1296 876 1367 947 apud
1380 875 1490 934 Grecos
1502 877 1703 955 liperappella-

52 970 141 1041 sequi,
154 982 216 1025 cum
229 975 319 1023 amca
334 975 361 1022 et
371 962 452 1021 Pater
463 964 499 1021 sit
512 963 634 1019 absolute
650 962 852 1029 intellectus,et
903 974 956 1035 tur,
973 980 1033 1038 quiae
1047 966 1117 1021 iuter
1128 965 1235 1023 Patrem
1259 975 1288 1023 et
1301 966 1398 1023 litium
1416 984 1547 1041 personas
1567 971 1610 1027 rel
1623 986 1703 1027 voca-

51 1062 140 1119 Filius
152 1076 202 1117 nec
222 1058 310 1131 major
325 1074 369 1129 eo,
386 1072 437 1115 nco
459 1058 567 1123 minor;
592 1058 650 1113 sine
663 1055 757 1113 dolore
776 1070 790 1109 a
807 1070 850 1110 me
901 1057 963 1114 hula
986 1057 1148 1130 distinguit:
1164 1060 1298 1130 quiaipse
1321 1060 1404 1117 Filius
1427 1062 1497 1117 ratio
1518 1062 1626 1130 dicitur,
1640 1080 1700 1136 quar

51 1153 156 1220 audiet,
172 1152 282 1225 ignoro,
294 1166 345 1224 ego
360 1150 463 1219 nescio,
480 1165 533 1208 non
548 1148 667 1223 requiro.
684 1148 851 1207 donauiabor
903 1158 993 1205 anien
1004 1150 1074 1208 ratio
1089 1150 1183 1206 multis
1195 1150 1349 1207 nominibus
1360 1152 1520 1223 appellatur.
1536 1153 1615 1209 llodo
1626 1155 1699 1211 enim

50 1262 95 1305 me
113 1255 203 1302 umen
220 1244 403 1317 :Archangeli
416 1245 551 1306 nesciunt,
568 1242 664 1314 hungeli
679 1257 732 1297 non
756 1240 849 1297 audie·
902 1242 1027 1311 verbum,
1041 1243 1122 1300 modo
1146 1243 1242 1312 rirtus,
1264 1244 1345 1299 modo
1370 1244 1513 1315 sapientia,
1529 1244 1610 1301 niodo
1632 1245 1700 1302 der·

48 1347 124 1405 runt,
146 1334 281 1409 Propheta
304 1352 358 1393 non
381 1336 475 1401 sensit,
500 1334 647 1407 Apostolus
662 1334 848 1405 interrogarit,
903 1346 971 1405 tera,
987 1336 1068 1411 modo
1082 1334 1236 1403 bremium,
1261 1333 1342 1390 modo
1363 1335 1519 1407 margarita,
1539 1336 1621 1393 modo
1640 1336 1700 1393 tbe·

47 1430 136 1487 Filius
148 1430 205 1501 ipse
215 1444 269 1486 non
282 1426 378 1487 edidit.
392 1427 489 1485 Cesset
500 1429 578 1484 dolor
592 1426 775 1500 querelarum.
790 1426 849 1483 Non
902 1444 1009 1499 saurus,
1021 1430 1103 1485 modo
1117 1429 1195 1497 retia,
1210 1429 1291 1485 modo
1301 1436 1431 1498 aratrum,
1443 1429 1524 1485 modo
1537 1429 1609 1499 lons,
1619 1431 1701 1488 modo

47 1532 85 1593 tc,
97 1523 221 1599 quisquis
233 1537 264 1580 cs
277 1524 322 1595 qul
336 1523 395 1579 baec
413 1522 524 1593 queris,
543 1535 644 1577 revoco
658 1520 685 1577 in
698 1519 847 1589 excelsum,
901 1535 989 1599 petra,
1012 1523 1093 1580 modo
1116 1524 1185 1595 lapis
1213 1523 1360 1596 angularis,
1385 1521 1466 1579 modo
1493 1537 1588 1595 agnus,
1616 1525 1699 1582 modo

46 1633 103 1673 nou
126 1618 154 1677 ln
174 1616 379 1691 amplitudinem
399 1614 492 1686 teudo,
529 1628 583 1669 non
604 1612 709 1669 deduco
731 1612 758 1668 in
783 1628 848 1687 pro·
902 1622 994 1689 bomo,
1009 1617 1089 1675 modo
1102 1617 1214 1684 situlus,
1235 1615 1317 1673 modo
1330 1614 1432 1688 aquila,
1448 1614 1529 1671 modo
1542 1614 1598 1686 leo,
1620 1616 1701 1671 modii

43 1710 173 1779 luridum.
756 1761 759 1776 ,
899 1714 954 1784 via,
971 1713 1052 1771 modo
1065 1714 1176 1780 ueritas,
1188 1711 1270 1769 niodo
1282 1713 1347 1779 rita,
1361 1725 1424 1767 cum
1439 1710 1474 1767 sit
1486 1708 1558 1767 Deus
1572 1709 1662 1768 omnia
1673 1721 1701 1767 ct

81 1803 150 1860 ilaec
163 1801 198 1861 de
214 1811 311 1861 natura
332 1802 483 1861 divinitatis
504 1800 641 1873 attigimus
656 1798 710 1885 (lla
723 1817 796 1859 uum.
814 1799 844 1858 ll
863 1803 886 1865 B
900 1810 928 1867 in
941 1810 1076 1867 omnibus.
1095 1806 1132 1865 Et
1145 1823 1194 1878 per
1207 1807 1266 1863 haec
1279 1806 1410 1864 vocabula
1425 1805 1576 1863 drinaum
1591 1806 1701 1878 dispen-
1770 1811 1773 1816 ⁴

41 1906 66 1953 et
81 1896 141 1971 lh),
159 1912 214 1957 tron
227 1912 359 1955 summam
371 1896 556 1965 intelligentiae
570 1896 844 1967 comprehendentes,
898 1902 1034 1959 sationum
1047 1900 1175 1973 mysteria
1186 1910 1395 1970 cognoscuntur.
1439 1902 1446 1911 '

40 1990 91 2047 sed
104 1990 289 2065 intelligentes
299 1987 583 2061 incomprehensibilia
602 2002 664 2043 esse
682 2002 742 2059 quae
757 1987 844 2060 loqui·
932 1992 999 2049 llam
1013 2000 1042 2048 et
1054 1994 1089 2047 ob
1110 1992 1162 2046 hoc
1177 1990 1294 2048 llerbum
1310 1999 1479 2061 nuncupatur
1496 1990 1578 2062 :quia
1592 1998 1621 2047 et
1633 2004 1699 2064 pro·

39 2098 115 2139 mur.
131 2082 239 2141 Nullum
254 2098 330 2155 ergo,
343 2081 422 2149 dicis,
437 2080 557 2139 osticium
569 2078 632 2137 lidei
643 2088 695 2151 est,
710 2080 733 2138 si
748 2079 785 2139 nil
797 2096 844 2152 po.-
897 2088 955 2160 prie
967 2088 1057 2145 divino
1076 2100 1125 2143 ore
1140 2087 1281 2157 processit,
1295 2096 1324 2143 et
1338 2084 1407 2140 nihil
1420 2083 1501 2141 Pater
1522 2084 1582 2142 sinc
1602 2098 1637 2141 eo
1651 2093 1698 2140 aut

40 2176 108 2233 terit
119 2176 324 2249 conprehendi.
337 2174 422 2233 lmmc
435 2174 487 2233 hoc
501 2174 618 2233 otticium
633 2174 700 2231 tides
719 2174 845 2245 probrea·
894 2182 985 2253 jussit,
998 2190 1045 2238 aut
1059 2180 1132 2237 tecit.
1146 2180 1236 2237 virtus
1250 2179 1350 2238 dieitur
1364 2197 1371 2234 ι
1387 2180 1449 2251 quia
1460 2193 1526 2235 rere
1540 2177 1575 2235 de
1588 2178 1657 2246 lieo,
1670 2185 1698 2234 ct

38 2278 96 2339 tur,
126 2271 153 2325 id
178 2270 249 2327 unde
268 2270 397 2343 quaeritur
417 2269 690 2343 incomprehensibile
710 2270 762 2325 sibi
782 2284 844 2327 esse
895 2286 1003 2349 semper
1023 2290 1086 2331 cum
1108 2276 1174 2344 lleo,
1191 2282 1219 2331 et
1240 2273 1329 2329 omnis
1350 2282 1469 2343 potestas
1481 2270 1569 2327 Patris
1594 2271 1697 2341 inipso

37 2361 126 2420 scire.
139 2362 309 2435 Superestdc
320 2362 494 2422 inenarrabili
502 2363 676 2435 generatione
684 2361 744 2418 Filii
756 2360 844 2417 adbuc
895 2370 1029 2427 consistis.
1046 2366 1184 2438 sapientia
1209 2364 1359 2437 appellatur
1375 2382 1382 2419 r
1397 2364 1459 2435 quia
1482 2362 1517 2420 de
1538 2361 1621 2418 eorde
1643 2360 1696 2416 Pa·

36 2454 257 2527 aliquidtimroo
269 2454 369 2528 aliquid
384 2454 450 2512 illud
465 2455 555 2514 adbuc
568 2463 653 2511 totum
668 2462 719 2513 est.
733 2452 842 2522 AEsmo,
896 2464 945 2520 sris
968 2462 1116 2519 adveniens
1140 2475 1238 2516 arcana
1260 2458 1286 2514 in
1310 2455 1468 2515 eoetestibus
1492 2455 1582 2530 (Apud
1603 2452 1695 2512 ambr.
1796 2517 1804 2527 ,

35 2550 165 2616 differor.
187 2550 316 2617 hebesco.
330 2560 359 2608 θῑ
378 2550 448 2610 unde
473 2550 600 2623 incipiam
620 2551 723 2609 nescio·
746 2550 843 2607 Nesci0
894 2556 1016 2615 ecclesiia
1028 2553 1213 2625 credentibus)
1226 2550 1695 2621 reseratiullerterauttncupatur:

34 2644 114 2701 enini
129 2644 238 2719 quando
252 2652 331 2702 natus
347 2644 383 2713 sit
394 2642 480 2701 Filius
493 2661 499 2699 :
513 2651 542 2701 et
552 2643 628 2701 aclas
640 2650 681 2701 est
691 2642 843 2701 mibiscirc
894 2652 965 2722 quon
987 2664 1036 2721 per
1055 2662 1117 2703 eum
1138 2648 1229 2702 orriria
1253 2658 1336 2717 opera
1361 2642 1453 2699 dirina
1477 2639 1597 2713 perlecta
1620 2649 1693 2698 sunt.

34 2735 297 2807 susurronibus
315 2734 410 2795 rarus.
425 2734 511 2807 Quem
527 2734 679 2807 intrasset?
698 2747 778 2805 tuem
792 2735 842 2790 in·
893 2742 1037 2800 erasurum
1052 2739 1151 2799 uteriui
1164 2756 1171 2793 t
1186 2739 1248 2810 qna
1267 2737 1303 2794 ab
1326 2737 1386 2807 ipso
1401 2736 1493 2793 surita
1508 2734 1693 2796 conterentur.

33 2829 167 2901 ploreml
180 2844 214 2887 ea
231 2828 331 2903 quihus
353 2828 429 2887 libris
448 2828 482 2884 ad
503 2835 638 2887 tantarum
653 2825 842 2883 difficultatum
893 2836 1036 2908 blargarita
1051 2832 1201 2906 appellatur
1213 2848 1221 2886 a
1233 2832 1295 2905 quia
1310 2828 1377 2885 nihil
1395 2828 1443 2886 illo
1459 2827 1605 2900 pretiosius
1618 2827 1694 2883 inre·

33 2908 226 2987 ntlerOttattt
254 2923 335 2982 tellis
363 2922 548 2998 iiraeitttssam?
577 2920 707 2978 Evolvam
733 2934 842 2977 omnem
894 2929 975 2984 uitur.
991 2925 1146 2981 'liresaurus
1165 2922 1265 2979 dicitur
1280 2929 1330 2978 :ut
1352 2920 1454 2991 inipso
1477 2935 1572 2980 amires
1586 2916 1694 2975 divitiae

32 3016 156 3075 Graeciae
170 3016 310 3075 scholam?
325 3016 378 3073 Sed
393 3016 457 3089 legi,
473 3016 519 3071 ubi
531 3014 659 3089 sapieusl
675 3013 718 3071 uhi
735 3014 842 3071 scribat
893 3002 1039 3093 ii'gniiium
1065 3016 1216 3073 coebsrium
1234 3055 1242 3081 ,
1266 3028 1327 3088 que
1349 3012 1581 3082 reconditegsunt,
1605 3024 1689 3085 agno-

32 3111 83 3167 ubi
100 3111 273 3183 conquisitor
286 3110 401 3167 saeculil
415 3109 442 3167 lu
458 3108 584 3181 hocergo
597 3107 698 3164 mundo
711 3109 841 3179 sophistae
892 3122 1013 3173 secantur.
1025 3111 1126 3184 (malr.
1141 3110 1256 3166 conditas
1270 3106 1394 3180 agnose.)
1409 3107 1487 3163 hetia
1498 3106 1595 3167 dicitur
1610 3106 1691 3178 :quia

32 3208 117 3263 multi
128 3210 299 3280 etsapleutes
312 3213 393 3263 aurit:
407 3205 565 3278 sapientiam
579 3214 668 3261 autem
684 3203 731 3260 Del
745 3218 840 3277 repro·
854 3191 877 3253 C
895 3227 944 3283 per
959 3212 1058 3281 ipsum,
1072 3214 1100 3264 et
1113 3204 1212 3278 inipso
1225 3204 1259 3259 de
1279 3202 1348 3259 mari
1362 3201 1465 3266 saeculi,
1478 3202 1599 3272 gentium
1614 3199 1692 3271 quasi

32 3301 188 3357 barerunt.
210 3301 333 3359 Scribam
347 3301 413 3373 legis
429 3300 589 3359 consulam?
611 3300 663 3359 Sed
683 3299 798 3371 ignorat,
814 3309 843 3359 et
878 3302 1040 3363 multitudo
1052 3298 1167 3371 piscium
1182 3299 1208 3355 in
1221 3294 1342 3356 Ecclesia
1354 3301 1563 3365 congregantur,
1584 3293 1630 3351 ubi
1644 3292 1693 3348 bo-

32 3410 107 3451 crux
121 3392 224 3451 Christi
236 3394 395 3452 scandalum
409 3404 460 3451 est.
479 3393 615 3455 llortahor
628 3392 700 3452 sorte
712 3408 759 3453 ros
776 3409 841 3463 con·

32 3490 138 3547 nivere
161 3499 190 3547 et
211 3500 301 3547 tacere
318 3508 325 3545 r
345 3490 408 3561 quia
424 3490 457 3545 ad
475 3489 676 3546 venerationem
697 3488 756 3559 ejus
778 3490 842 3546 satis

32 3584 82 3653 sit,
103 3583 178 3657 quod
191 3584 218 3640 ln
239 3584 393 3655 Evangeliis
410 3583 572 3655 praedicatur
586 3592 659 3641 mnia
671 3584 742 3641 inter
756 3582 843 3642 homi-

32 3693 86 3735 nes
99 3678 202 3735 iecisse
214 3678 348 3749 stupenda
360 3672 491 3751 prodigia.

70 3770 124 3827 Ea
138 3787 209 3826 aum.
229 3772 274 3828 tt.
289 3770 465 3828 -llonsistit
479 3772 552 3828 enim
575 3786 665 3828 meum
679 3773 706 3827 in
721 3774 840 3845 patroci-

32 3868 117 3923 niurn
130 3864 321 3923 meditatorum
333 3866 522 3923 dilllcultatum
535 3867 652 3938 piscator
663 3882 756 3939 egeus,
768 3868 843 3939 igno·

32 3976 93 4032 tus,
114 3963 252 4031 indoctus.
269 3967 393 4025 nauibus
406 3967 463 4023 lino
474 3967 623 4037 occupatis,
638 3976 712 4022 reste
723 3965 841 4034 humida,

32 4060 160 4133 pedibus
175 4060 240 4117 limo
260 4061 362 4128 oblitis,
379 4070 480 4118 totuse
500 4062 572 4116 nari.
585 4059 704 4129 Quaerite
728 4070 755 4117 et
769 4060 844 4117 inre-

32 4155 111 4223 uite,
128 4162 219 4210 utrum
239 4155 389 4212 mirabilius
399 4153 480 4213 luerit
500 4160 621 4209 mortuos
641 4154 795 4220 suscitasse,
809 4168 843 4209 au

32 4248 175 4321 irruperito
199 4248 340 4307 scientiam
360 4249 437 4308 istius
464 4247 593 4305 doctrinae
616 4246 773 4303 intimasse?
800 4248 846 4304 hit

32 4346 130 4409 enirn,
147 4344 177 4399 ln
191 4344 323 4416 principio
341 4350 399 4400 erat
412 4342 541 4399 Verbum.
565 4340 753 4406 Transeuntur
774 4349 844 4397 tem

32 4456 124 4511 pora,
139 4438 358 4495 transmittuntur
369 4436 477 4503 saecula,
495 4434 744 4491 tollunturaetmes:
757 4434 845 4505 pisca-

894 3410 990 3453 norum
1012 3393 1199 3464 malorumque
1221 3387 1375 3446 discrimina
1397 3390 1606 3457 cognoscuntur.
1623 3386 1694 3442 hra-

895 3503 964 3550 trum
989 3496 1160 3561 nrrncupatur
1175 3504 1182 3542 ε
1195 3486 1257 3559 quia
1281 3484 1360 3555 signo
1383 3482 1471 3538 erucis
1490 3494 1548 3538 suas
1570 3482 1691 3551 gentium

893 3596 1004 3661 pectora
1018 3582 1186 3655 subiguntur,
1202 3588 1232 3636 ut
1245 3574 1401 3634 necessario
1414 3574 1517 3631 'semini
1534 3588 1691 3646 praeparen-

894 3692 947 3737 tur.
970 3679 1044 3736 Fons
1066 3692 1143 3748 aqua
1162 3673 1313 3745 appellatur
1328 3688 1334 3725 :
1348 3669 1411 3741 quia
1434 3682 1468 3725 cx
1487 3682 1521 3724 eo
1543 3668 1692 3724 sitientium
1802 3657 1805 3661 ’

894 3774 976 3833 corda
998 3772 1119 3829 coelestis
1142 3782 1221 3841 aquas
1240 3765 1326 3838 gratia
1348 3764 1504 3834 irrigantur.
1525 3760 1604 3817 Petra
1625 3762 1693 3817 dicl-

895 3880 939 3927 tur
955 3887 962 3925 :
978 3868 1040 3939 quia
1062 3863 1234 3922 credentibus
1248 3856 1443 3921 fortitudinem,
1459 3854 1606 3911 incredulis
1618 3853 1692 3909 duri·

895 3964 959 4019 tlem
977 3966 1098 4031 praestat.
1112 3954 1194 4026 Lapis
1208 3954 1306 4009 dicitur
1316 3948 1472 4022 angularis:
1487 3948 1550 4020 quia
1564 3956 1693 4018 utrosque

894 4056 1013 4128 parietes
1022 4051 1123 4107 veteris
1137 4064 1168 4105 ac
1179 4048 1242 4104 nori
1256 4042 1425 4102 Testamenti
1437 4058 1506 4098 unus
1521 4041 1654 4098 mediatur
1664 4042 1694 4097 in

895 4148 1043 4216 semetipso
1057 4144 1199 4201 continens
1213 4140 1359 4214 copularit.
1369 4139 1462 4211 Agnus
1475 4136 1629 4209 appellatur
1642 4152 1651 4195 ;
1664 4146 1693 4192 ιιι

896 4242 1050 4300 innocentia
1065 4238 1167 4296 Christi
1183 4246 1210 4293 et
1230 4235 1319 4307 passio
1331 4234 1540 4290 demonstretur.
1555 4230 1642 4287 llomo
1652 4230 1694 4287 di·

896 4344 942 4393 tur
960 4334 1042 4407 :quia
1069 4330 1219 4390 metullum
1244 4342 1352 4385 carnem
1367 4334 1477 4398 propter
1499 4337 1549 4380 nos
1569 4322 1694 4379 homines

896 4428 971 4486 nasci
995 4426 1121 4498 dignatus
1151 4434 1204 4481 est.
1228 4422 1338 4479 vitulus
1361 4419 1460 4476 dieitur
1477 4416 1559 4488 :quia
1583 4423 1695 4487 propter

32 4551 80 4590 mr
100 4547 182 4591 meus
196 4532 350 4609 illitteratus
363 4530 459 4590 libera
478 4538 599 4601 tempore
616 4536 668 4597 cst,
684 4527 749 4586 vicit
761 4543 843 4586 omne
896 4532 1018 4581 nostram
1033 4520 1148 4577 salutem
1168 4518 1224 4591 pati
1238 4517 1374 4573 sustinuit.
1392 4513 1487 4587 aquila
1501 4511 1600 4568 dicitur
1613 4528 1620 4567 :
1632 4510 1694 4584 qtria

32 4624 221 4701 rrtnetptrn.
898 4626 959 4688 post
969 4607 1149 4671 venerabilem
1159 4608 1395 4675 resurrectionem,
1407 4606 1484 4676 euasi
1495 4606 1578 4677 remis
1588 4604 1694 4672 alitum,

75 4720 250 4792 Principium
265 4720 310 4777 lib.
323 4735 360 4777 rr.
374 4748 409 4761 -
419 4718 577 4775 Tractantes
594 4724 656 4773 ante
670 4731 770 4789 paucos
789 4705 845 4772 dies
898 4710 931 4765 ad
943 4709 1050 4766 Patrem
1064 4703 1195 4760 revolavit
1210 4703 1269 4777 (rer
1284 4700 1377 4755 alitum
1388 4697 1421 4756 ad
1435 4696 1522 4753 Patris
1532 4696 1634 4752 revolat
1649 4711 1695 4751 se-

32 4818 69 4875 le
100 4814 270 4871 indifferenti
293 4825 388 4870 natura
411 4813 457 4871 liei
483 4814 566 4884 patris
588 4821 615 4869 et
629 4812 677 4868 llei
700 4811 758 4878 lllii.
780 4824 846 4879 eto,
898 4802 983 4873 dem).
996 4800 1070 4856 ldem
1084 4798 1128 4854 leo
1146 4792 1233 4851 dictus
1247 4801 1308 4851 est:
1322 4793 1383 4865 quia
1396 4792 1509 4863 ipseest
1528 4806 1576 4848 rex
1591 4804 1694 4861 regum,

32 4922 129 4979 esque
152 4904 188 4962 ad
200 4906 254 4961 lroee
267 4922 338 4959 nam.
354 4901 399 4959 ti.
426 4907 464 4962 bc
483 4905 522 4961 sic
537 4903 685 4975 perlectam
700 4902 780 4959 tidem
796 4902 846 4957 du·
898 4896 943 4966 qul
959 4902 1074 4949 mortem
1088 4905 1120 4945 ²0
1133 4889 1268 4946 diabolum
1282 4887 1391 4944 virtutis
1403 4900 1460 4941 suae
1473 4892 1606 4956 potestate
1620 4898 1697 4946 com·

32 5002 116 5067 ruit,
129 5012 192 5054 cum
210 4996 235 5051 id
249 4997 320 5071 quod
334 4997 417 5053 modo
435 5008 486 5063 est,
502 4996 622 5069 ejusdem
639 4997 768 5067 temporis
781 5011 849 5067 opus
900 4988 1008 5043 minuit.
1024 4986 1073 5043 lia
1095 4996 1158 5040 est:
1174 4984 1235 5055 qrria
1252 4997 1300 5053 per
1314 4980 1402 5052 ipsum
1415 4993 1552 5034 accessum
1568 4976 1699 5031 hahemus

32 5096 96 5160 rit;
114 5098 143 5146 ct
157 5088 183 5145 id
198 5088 269 5164 quod
280 5098 409 5165 operatur
423 5088 502 5161 Pater
513 5095 641 5161 operatur
660 5097 688 5145 et
703 5088 787 5145 Filius
801 5104 847 5145 er·
904 5082 1065 5155 (adscensus
1079 5076 1132 5151 est)
1160 5075 1192 5131 ad
1206 5076 1292 5131 licum
1307 5083 1421 5145 patrem.
1438 5070 1543 5126 lleritaa
1556 5078 1612 5124 est:
1635 5068 1699 5139 quia

39 5202 81 5245 ra
100 5182 251 5255 singularis
265 5184 300 5240 sit
315 5184 454 5239 unionem.
904 5173 1074 5230 mendacium
1088 5170 1183 5226 nescit.
1195 5168 1255 5225 lita
1266 5179 1308 5225 est
1321 5186 1328 5222 ε
1343 5167 1405 5241 quia
1419 5166 1476 5236 ipso
1491 5162 1614 5219 rmirersa
1630 5160 1701 5219 riri-

73 5276 219 5346 Excepit.
232 5274 437 5331 obruerentur
448 5272 500 5347 fide
512 5274 667 5331 orthodoxa.
687 5272 850 5345 —llenique
906 5270 979 5325 licat.
996 5266 1080 5323 Vides
1093 5281 1169 5338 ergo,
1184 5263 1245 5337 quia
1256 5279 1304 5337 per
1315 5264 1375 5320 haec
1385 5258 1515 5317 vocabula
1526 5255 1701 5330 significatio-

32 5384 94 5429 πο
125 5374 216 5439 captu,
233 5382 283 5439 pro
299 5366 410 5434 viribus,
435 5382 484 5442 pro
507 5365 559 5423 lide
582 5374 672 5423 nostra
697 5366 850 5422 intueamur
904 5376 953 5420 nes
967 5360 1174 5432 dispositionum
1191 5366 1218 5414 et
1232 5372 1342 5429 operum
1358 5353 1514 5409 divinorum
1528 5360 1702 5423 praeostensae

32 5471 125 5525 Deus
146 5462 211 5532 quid
232 5465 293 5535 sita
316 5472 344 5519 et
363 5460 504 5521 rideamus
523 5476 557 5516 an
583 5460 621 5517 illi
645 5461 730 5535 possit
749 5459 850 5531 aliquid
905 5465 1061 5513 suut:nou
1077 5462 1167 5509 tamen
1183 5452 1241 5523 ipse
1256 5450 1327 5506 lleus
1349 5460 1397 5517 per
1411 5445 1469 5499 haec
1482 5443 1592 5517 proprie
1607 5439 1703 5499 dcllni-
1787 5522 1791 5528 .

32 5555 218 5628 :amparari
232 5554 313 5613 Certe
329 5555 381 5611 hoc
393 5564 437 5610 est
450 5556 531 5621 lieris,
543 5552 615 5627 qirod
627 5564 654 5611 et
665 5568 725 5609 aum
741 5552 850 5623 dicitur,
905 5558 948 5607 tus
961 5556 1013 5605 est.

32 5672 103 5715 ion
125 5660 215 5722 potest
235 5650 306 5721 dici;
330 5666 391 5707 cum
413 5650 573 5717 aestimatur,
596 5664 648 5704 uon
669 5657 758 5719 potest
777 5647 851 5703 aesti-
943 5643 985 5700 Ea
999 5658 1057 5714 cap.
1079 5641 1096 5697 ll
1122 5636 1240 5715 mediati
1262 5633 1408 5689 crocatur.
1424 5657 1462 5669 ·-
1475 5627 1525 5685 llst
1546 5644 1611 5701 ergo
1625 5627 1708 5683 Pater

32 5746 147 5809 narn
163 5758 224 5799 cum
240 5752 423 5817 comparatur,
438 5759 491 5798 uon
506 5752 596 5814 potest
607 5739 777 5811 comparari:
792 5754 853 5795 cum
909 5740 982 5795 [leus
999 5738 1158 5800 inaniensns,
1172 5740 1301 5791 aternus,
1315 5724 1610 5792 incomprehensibilis,
1625 5722 1709 5778 inaes-
1749 5813 1753 5818 ἢ

32 5838 198 5917 delinitur,
225 5832 283 5925 ipsa
307 5836 463 5906 delinitione
485 5851 532 5904 sua
555 5832 654 5895 crescit
669 5850 676 5890 a
692 5833 740 5913 qui
758 5832 855 5897 eoelurn
911 5829 1049 5897 timebitis.
1067 5826 1115 5887 list
1133 5830 1161 5881 et
1175 5820 1259 5879 lilius
1279 5818 1339 5891 ejus
1354 5812 1484 5885 hominus
1497 5826 1591 5883 possm
1607 5818 1711 5886 patus,
