4017 6317
279 264 333 321 tos

881 259 1004 318 SANCT!
1024 258 1153 317 tttttntt
1173 256 1326 315 setscort
1839 264 1873 319 tot

280 382 340 439 sinti
352 382 469 447 Fratres,
486 390 515 438 ut
529 394 615 453 neque
631 379 797 447 Marcellum,
813 393 901 451 ireque
913 392 961 435 cos
971 378 1017 448 qui
1035 375 1074 431 iiii
1089 377 1216 449 Aprinro
1231 374 1337 431 ridetur
1350 373 1574 433 essecondictnm
1588 374 1645 448 (ιιι.
1656 372 1716 443 stt,
1733 386 1753 430 n
1770 392 1814 431 nan
1831 382 1877 433 retr·

276 476 436 549 junguntur,
457 472 490 530 ad
511 474 729 531 communionem
756 480 857 529 sauctae
871 471 1001 528 Ecclesiae
1027 470 1077 525 ad·

279 570 391 627 mittans
405 584 412 635 ;
428 583 561 625 memores
585 582 692 639 qrroqne
704 567 764 623 sitis
786 568 925 637 propbetre
940 566 1021 622 llario
1037 566 1078 621 di·

278 662 363 720 centis
378 680 385 716 a
398 660 462 715 Diri
485 664 521 716 eis
538 663 581 733 qui
595 663 693 733 facimn
714 662 827 733 lacinus,
839 676 870 715 ne
889 658 999 729 feceritis
1015 659 1079 731 laci·

278 771 346 821 nur‚·
362 764 385 808 et
400 754 614 826 delinquentibus,
637 771 669 807 ne
682 754 855 808 exultaverim
873 768 965 807 sarna.
990 750 1080 807 llalire

278 849 304 903 irr
318 849 399 903 rrltnra
411 849 500 902 tollere
515 864 595 903 cama
609 858 736 903 nestram:
749 864 781 903 ne
794 848 935 919 loquamini
957 846 1080 900 adversm

277 941 417 997 licutinmn
440 941 531 1013 iniqua
553 940 641 1009 (Psoi.
669 956 763 1007 exarc,
790 943 826 1007 s,
849 940 887 1011 6).
920 942 951 996 lit
977 941 1080 996 erudite

280 1035 416 1092 Salurnoni
431 1034 532 1089 dicenti
549 1052 555 1087 :
570 1033 661 1089 Nolite
675 1038 817 1106 transferre
826 1035 947 1089 terminos
959 1044 1079 1102 clatros,

276 1144 339 1196 qnos
355 1128 542 1182 constituerunt
557 1138 642 1199 perires
655 1128 732 1182 nestri
743 1126 847 1199 (Pron,
863 1143 927 1206 sarr,
944 1125 1003 1198 t28).
1015 1127 1081 1196 Qnto

277 1238 338 1277 cunr
354 1222 389 1276 ita
417 1222 481 1282 siut.
505 1222 588 1275 nolite
608 1220 756 1290 supradicti
780 1220 900 1276 Marcelli
928 1223 1079 1291 pnrrissirni

277 1318 354 1383 senui
367 1330 488 1381 errares,
500 1324 526 1371 et
537 1330 580 1382 ea,
593 1330 654 1386 quae
665 1316 698 1369 ab
707 1314 767 1384 ipso
780 1314 877 1385 injrrsta
889 1316 1081 1384 praedieatione

277 1421 371 1465 cotrtra
398 1410 542 1464 Dotninuru
556 1409 693 1465 Christum
710 1409 818 1464 inventa
832 1409 983 1479 traditaque
1006 1417 1079 1477 sunt,

279 1504 484 1573 praedrrrnnarte3
510 1518 543 1557 nc
570 1499 745 1571 blasphemiis
772 1500 975 1571 sceleribusque
999 1500 1080 1555 ctiam

277 1595 329 1665 ipsi
346 1593 490 1665 participes
501 1596 570 1650 sitis,
583 1593 637 1651 Sed
648 1604 751 1664 propter
763 1594 940 1664 compendium
952 1592 1006 1648 latre
1020 1593 1083 1647 ltne-

279 1698 352 1744 tenus
364 1691 396 1744 de
409 1687 547 1743 Marcella.

1130 470 1241 541 iratum)
1258 489 1264 524 :
1281 480 1308 526 ct
1318 486 1380 527 curn
1404 470 1515 525 nrittime
1529 470 1564 524 ab
1579 470 1639 540 ipso
1647 468 1691 525 tel
1709 469 1738 525 eit
1753 472 1879 529 satellitibus

1129 566 1162 621 ad
1177 563 1360 631 supradictum
1370 563 1513 619 correilium
1528 573 1722 627 occurreretur,
1732 575 1782 634 post
1793 568 1879 623 alterno

1129 673 1229 712 aunum
1242 662 1298 722 (ιιιι.
1321 653 1387 726 ὅδὲ)
1412 660 1438 710 in
1462 656 1536 728 'lyco
1549 664 1659 726 propter
1676 657 1730 723 eins
1741 657 1838 713 lauaora
1849 677 1881 715 nt·

1130 750 1250 804 cessario
1277 751 1373 804 iterum
1389 748 1551 805 celebratur.
1572 747 1883 822 Asiaeneruntepisenpide

1130 841 1285 897 Macedonia
1300 849 1326 896 ct
1339 842 1373 895 de
1383 840 1533 906 Parronnia,
1543 840 1681 913 Bytbinia,
1694 852 1719 895 et
1728 842 1884 913 curribus-par·

1132 937 1204 993 tibus
1217 935 1348 1000 Osismis,
1359 934 1532 1005 impensioris
1543 935 1668 1005 jussione
1687 936 1825 990 eormnen:
1842 938 1884 1008 qni·

1131 1046 1183 1103 qtre
1196 1032 1264 1085 actis
1273 1029 1412 1085 Athanasii
1428 1028 1527 1099 flagitia
1543 1028 1883 1100 ertrrrtnaqueemmsemm,

1132 1138 1185 1178 non
1200 1123 1301 1194 passim
1327 1136 1378 1176 nee
1401 1130 1504 1176 temere
1525 1120 1727 1176 accusatoribus
1739 1120 1885 1186 dodonaei

1132 1236 1182 1294 suo
1196 1220 1229 1275 de
1240 1218 1356 1274 orriri-ilio
1379 1218 1508 1273 inlustres
1522 1224 1552 1272 et
1566 1216 1713 1273 laudabiles
1724 1216 1842 1287 episcopus
1852 1219 1886 1271 ιιΓ

1132 1325 1207 1386 gont,
1224 1326 1304 1383 ntqrre
1318 1313 1346 1367 in
1367 1327 1423 1367 rom
1452 1320 1627 1382 praesentem,
1644 1309 1689 1365 uiri
1700 1322 1820 1381 respectae
1831 1324 1886 1366 aaut

1132 1412 1166 1467 de
1186 1409 1283 1481 quibus
1304 1407 1468 1479 arguebatur
1483 1405 1656 1469 Attiano-ius,
1675 1404 1774 1459 mittunt
1789 1422 1797 1457 ι
1813 1406 1887 1475 animae

1133 1502 1238 1557 oculata
1256 1502 1310 1557 lrde
1332 1510 1429 1555 cuncta
1446 1498 1629 1569 adspicientes
1649 1504 1729 1567 atque
1749 1512 1802 1552 tera
1813 1512 1886 1568 cogno

1132 1606 1250 1663 scentes,
1264 1595 1298 1651 ad
1312 1595 1457 1651 concilium
1473 1594 1597 1660 redeunt,
1609 1592 1721 1662 ejusque
1732 1590 1837 1657 crimina.
1846 1607 1886 1661 aaa

1133 1693 1168 1747 ab
1182 1690 1386 1747 accusatoribus
1409 1688 1619 1761 objiciebantur,
1636 1702 1687 1742 suo
1700 1684 1886 1741 testimoniares

316 1780 343 1837 6·
360 1782 502 1837 terramus
517 1783 626 1852 castren
652 1783 771 1837 crimino·
786 1809 822 1824 ·-
832 1780 932 1837 terum
947 1781 981 1837 de
995 1779 1081 1835 Attra-
1096 1782 1304 1844 Bronnnmm.
1331 1786 1408 1843 bride
1418 1784 1453 1857 (a)
1470 1786 1496 1840 in
1511 1792 1672 1855 praesentem
1692 1782 1847 1839 Arbsnsstrn
1863 1782 1889 1835 n

279 1885 355 1939 nasio
377 1884 512 1955 quondam
542 1883 711 1938 Alexandriae
737 1882 866 1955 episeopo
890 1881 1004 1950 accipite
1019 1896 1080 1951 que

278 1987 353 2048 gesta
369 1986 440 2033 sunt.
453 1974 604 2032 Accusatus
615 1987 656 2032 cst
674 1983 792 2047 graviter
800 1974 875 2046 juxta
893 1974 979 2031 [teum
994 1974 1081 2029 sacri·

279 2069 366 2140 logos,
382 2069 498 2139 ctjuma
523 2070 650 2139 nrysteria
665 2069 794 2125 Ecclesiae
818 2076 919 2124 sanctae
941 2064 1081 2137 profanus,

278 2164 379 2235 «pirique
392 2164 508 2235 propriis
523 2160 562 2235 (a)
577 2150 700 2218 manilius
712 2161 872 2219 comminuit
888 2160 1014 2233 poculum
1027 2160 1082 2215 [leo

279 2268 307 2315 ct
320 2260 429 2315 Christo
453 2259 595 2326 dicatum,
620 2262 764 2330 ipsumque
786 2257 871 2314 altare
896 2254 1081 2313 venerandum

277 2352 422 2424 conlregit,
437 2351 585 2422 sedentque
604 2351 800 2408 sacerdotalem
815 2350 948 2406 subs-erm
962 2350 1029 2419 ipse,
1042 2359 1083 2403 at·

279 2464 332 2519 oue
347 2449 432 2519 ipsam
449 2448 599 2509 basilicam.
616 2448 664 2502 liei
675 2447 797 2515 domum,
809 2446 957 2503 Ecclesimn
969 2444 1080 2513 Christi,

279 2540 425 2596 demolitus
448 2556 534 2611 usque
559 2541 594 2596 ad
616 2540 704 2597 solum
730 2550 780 2596 est.
797 2542 989 2615 Presbyterum
1018 2554 1083 2597 sero

279 2634 380 2700 ipsum,
407 2634 492 2687 sirum
513 2648 622 2704 gravem
648 2643 675 2688 ot
696 2634 810 2704 justum,
835 2634 944 2689 nontine
959 2632 1082 2689 Nareben

282 2722 453 2797 (leelryranr),
467 2724 575 2779 tradidit
587 2726 716 2781 custodiae
727 2726 848 2783 militari.
857 2732 1082 2798 Accusarusprm-

281 2830 355 2875 terea
379 2827 422 2874 est
444 2819 477 2875 de
501 2818 617 2889 injuriis,
647 2822 787 2887 violentia,
816 2820 901 2889 crode,
923 2835 1004 2895 atque
1024 2822 1082 2893 ipsa

282 2912 319 2985 (l)
333 2911 523 2984 episcoporum
540 2914 737 2973 internecione.
753 2915 859 2987 erioue
885 2918 967 2972 eriam
987 2916 1083 2973 diebus

282 3006 1083 3079 sacratissimisPascha>tyrannicomoresreviens,liucibus

281 3112 362 3175 atque
374 3102 525 3161 Conritibus
536 3105 646 3175 junctus
662 3122 668 3159 :
683 3105 783 3177 utrique
809 3116 919 3177 propter
930 3105 1019 3175 ipsum
1034 3106 1083 3161 ali·

1132 1898 1212 1954 poam
1228 1898 1276 1951 pro
1284 1882 1444 1936 criminibus
1451 1880 1613 1935 cernendam
1623 1878 1727 1933 dicunt.
1736 1876 1887 1949 Propterqml

1133 1976 1206 2049 'ipro
1231 1976 1356 2047 lugiens,
1380 1976 1573 2045 imperatorem
1594 1975 1724 2047 appellat.
1743 1973 1813 2028 Audit
1832 1973 1887 2027 uisu

1134 2070 1283 2140 insuperator
1297 2086 1304 2121 ε
1320 2070 1418 2140 quique
1444 2070 1658 2139 interrogatione
1673 2066 1760 2123 habita
1771 2064 1888 2132 onrniarjrs

1133 2166 1234 2237 llagitia
1245 2179 1454 2235 recognoscens,
1463 2178 1512 2217 sua
1525 2162 1601 2217 illurn
1616 2162 1750 2218 sententia
1759 2162 1783 2216 in
1794 2160 1889 2216 casilien

1135 2258 1286 2335 (Treviros)
1300 2260 1462 2330 deportarit.
1476 2256 1526 2313 ilis
1539 2272 1606 2329 crgo
1617 2259 1653 2312 ita
1671 2254 1889 2313 cadentibnsrebas.

1134 2368 1195 2409 cnm
1220 2352 1386 2408 btlrauasius
1405 2350 1549 2406 danrnatns
1569 2349 1650 2421 digne
1664 2349 1693 2403 in
1708 2347 1797 2403 exsilio
1809 2347 1890 2398 babere

1135 2444 1224 2503 turab
1249 2446 1375 2501 rueritum
1399 2441 1550 2499 lectatorum
1575 2457 1712 2509 sitarum,
1738 2441 1858 2509 sacrilego
1873 2438 1888 2488 in

1134 2540 1229 2608 Deum,
1244 2539 1271 2595 in
1293 2538 1422 2611 mysteria
1447 2550 1524 2592 sacra
1552 2536 1692 2607 profanus,
1711 2535 1737 2591 in
1757 2530 1889 2589 demolitione

1135 2633 1416 2699 basiliemriolentus,
1440 2631 1469 2686 in
1490 2630 1683 2700 episcoporum
1702 2628 1786 2684 exitiis
1799 2626 1890 2681 itinerar

1135 2730 1254 2799 tiumque
1267 2724 1380 2781 fratrum
1393 2734 1553 2796 persecutor
1562 2722 1596 2795 (l.
1608 2718 1800 2793 persecutione)
1812 2719 1890 2774 ironea-

1134 2824 1205 2891 dns;
1221 2822 1256 2878 alr
1266 2821 1393 2878 onrrrilrus
1402 2819 1538 2890 episcopis
1552 2820 1578 2873 in
1592 2818 1747 2890 rejiciendis
1756 2816 1891 2872 malisserre

1136 2927 1179 2973 tur
1199 2916 1344 2973 auctoritas
1357 2914 1435 2985 legis,
1446 2928 1533 2969 canon
1554 2912 1695 2979 Ecclesia,
1711 2922 1738 2967 et
1751 2909 1891 2982 apostolum

1135 3020 1231 3066 sarrcta
1253 3010 1373 3066 traditio.

1171 3104 1198 3161 8.
1216 3103 1349 3157 dabaaasii
1360 3102 1392 3158 alr
1402 3100 1493 3157 exsilio
1506 3099 1611 3155 reditas.
1627 3127 1657 3140 -
1668 3097 1722 3155 Sed
1732 3097 1791 3152 dnm
1810 3093 1891 3150 stirn-

281 3210 350 3263 quos
363 3196 388 3249 in
398 3196 520 3251 custodia
535 3196 722 3265 recludebant,
733 3197 839 3267 aliquos
850 3196 1084 3252 veroverberibus
1097 3186 1121 3249 C
1136 3198 1193 3254 sius
1209 3206 1269 3266 post
1291 3196 1493 3251 damnationem
1516 3208 1592 3249 suam
1616 3192 1733 3249 reditum
1751 3190 1797 3247 sibi
1810 3184 1885 3243 deerat

280 3286 448 3359 flagellisque
463 3291 829 3365 vexabante52caeteros
842 3291 957 3347 dirersis
970 3302 1087 3347 tormen·
1138 3292 1174 3346 tio
1197 3298 1395 3359 compararet,
1421 3288 1454 3343 de
1478 3286 1565 3343 Gallia
1599 3285 1633 3341 ad
1661 3284 1837 3342 Alexandriam
1854 3282 1893 3350 post

283 3384 317 3440 tis
329 3386 361 3439 ad
375 3386 593 3441 cornrnnnionem
607 3390 666 3457 ejus
679 3388 837 3459 sacrilegam
862 3389 1005 3459 adigebant
1019 3386 1087 3461 (Nee
1138 3384 1285 3457 plurimum
1313 3392 1420 3453 ternpus
1444 3381 1554 3437 advenit
1576 3380 1631 3455 (an.
1648 3380 1716 3452 558)
1732 3400 1740 3436 ι
1754 3382 1839 3451 ostitit
1850 3390 1894 3445 lii·

283 3489 357 3535 aetus
371 3481 501 3535 commissi
514 3499 636 3551 arrianam
648 3482 678 3535 ab
693 3483 867 3537 innocentibus
877 3483 1009 3555 lucratum
1026 3498 1087 3553 spe·
1139 3481 1218 3538 terito
1230 3483 1255 3536 in
1271 3479 1387 3536 nihilum
1412 3478 1526 3544 tirrccns,
1541 3479 1629 3535 acrius
1644 3478 1671 3533 in
1696 3480 1810 3551 nequitia
1823 3487 1892 3547 prett-

284 3571 410 3631 ranslroc
422 3572 503 3627 modo
517 3590 580 3627 surm
593 3590 724 3644 suasuque
739 3575 885 3644 praevalere
901 3589 981 3643 posse
994 3576 1089 3630 tactio·
1137 3580 1218 3636 lebat.
1247 3578 1314 3634 Nam
1341 3576 1546 3646 comparatione
1573 3575 1759 3647 sequentium,
1782 3570 1838 3627 lesia
1855 3572 1894 3619 stol

283 3678 355 3731 nem,
370 3673 399 3718 ut
415 3680 462 3735 per
478 3666 562 3720 buces
578 3676 605 3721 et
620 3662 728 3721 indicos
745 3680 845 3735 perone
856 3682 982 3723 eatrccrcs
998 3668 1082 3738 ipsos,
1138 3689 1199 3745 qum
1211 3674 1244 3728 ab
1256 3674 1315 3743 ipso
1335 3672 1421 3741 prima
1442 3671 1587 3725 commissa
1609 3677 1680 3723 sunt.
1699 3666 1801 3722 Etenim
1813 3672 1894 3731 pteron

286 3758 359 3832 (add.
390 3757 428 3832 et)
453 3761 564 3816 verbera
591 3760 751 3831 diver-‘aque
770 3769 904 3817 tormenta
930 3763 1030 3818 intuitos
1052 3764 1084 3818 aul
1137 3782 1198 3822 nem
1211 3764 1443 3820 viarnreditnssui
1458 3752 1894 3834 Ecclesiar11653(mmmcmlii.

283 3854 503 3909 communionem
524 3868 600 3909 suam
615 3866 735 3925 cogeret,
751 3856 874 3912 nolentes
894 3856 1024 3927 adigeret,
1039 3873 1084 3913 re·
1137 3859 1279 3914 ttarrruatos
1301 3857 1444 3927 episcopos
1464 3856 1570 3927 aliquos
1592 3854 1782 3918 restaurabat,
1802 3846 1894 3919 aliquio

285 3962 435 4019 pugnantes
453 3961 533 4019 nttpne
548 3950 706 4005 resistentes
720 3950 771 4006 sibi
788 3952 929 4021 tyrannica
942 3968 1016 4007 ruore
1031 3960 1087 4007 ter·
1138 3971 1213 4025 spem
1226 3953 1259 4009 ml
1273 3955 1445 4023 episcopatus
1473 3950 1590 4007 reditum
1613 3948 1805 4019 promittebat,
1826 3942 1894 4007 stirpen

284 4051 367 4097 reret.
387 4039 468 4097 liram
485 4042 588 4112 quidem
601 4042 647 4097 illa
670 4044 759 4116 oraria
779 4053 803 4099 et
816 4044 908 4104 acerbe
927 4044 958 4099 ιιι
980 4062 1086 4102 accura-
1138 4065 1170 4105 err
1188 4047 1338 4104 inlidelibus
1357 4044 1539 4102 corrsritnebat
1558 4042 1712 4113 episcopos,
1739 4039 1816 4095 saleis
1832 4043 1853 4088 ιι
1869 4030 1892 4083 ιιι

286 4134 383 4193 totlitur
397 4134 506 4209 objecto·
1140 4143 1223 4212 regnis
1247 4139 1468 4211 permanentibus
1482 4136 1690 4201 sacerdotibus,
1715 4149 1764 4203 per
1784 4140 1865 4203 popam
1880 4130 1895 4173 d

322 4232 348 4286 'l.
360 4228 896 4305 Tyricantradtlranosiarnaesta—Nam
910 4232 1090 4305 propteriracc
1139 4236 1228 4291 cedes
1250 4232 1412 4305 gerontium,
1430 4229 1497 4285 tritril
1528 4228 1676 4299 respiciens
1703 4229 1786 4295 leges,
1810 4222 1894 4291 respn-

286 4326 439 4382 neeessario
465 4326 610 4382 concilium
638 4328 708 4397 apud
740 4328 891 4385 Caesaream
916 4330 1088 4386 Palaestinam
1143 4330 1210 4386 tiorri
1225 4328 1345 4384 tribuens
1370 4332 1467 4381 totum.
1498 4322 1724 4393 ilrrdepernint,
1750 4334 1798 4393 por
1820 4313 1896 4372 ratden.

322 4528 359 4605 (a)
376 4528 434 4613 ¹tlon
456 4538 618 4585 acerrsarunt
636 4544 710 4597 eunt,
726 4530 797 4599 quod
813 4532 939 4603 propriis,
953 4534 1000 4590 sed
1011 4534 1083 4605 qrrod
1097 4542 1124 4603 lp
1136 4551 1160 4590 c.
1177 4535 1193 4588 5
1208 4542 1236 4590 et
1248 4532 1291 4588 ts.
1304 4529 1442 4595 Nonnulli,
1459 4529 1504 4601 qrri
1517 4530 1574 4587 brec
1589 4532 1681 4587 omnia
1694 4532 1728 4588 ad
1743 4525 1897 4599 primumillias

283 4600 392 4657 blatam
418 4601 623 4673 presbyterisui
639 4601 763 4657 rnarribus
792 4604 843 4659 boc
870 4605 959 4661 scelus
988 4622 1086 4677 perpe-

1139 4607 1254 4661 reditum
1270 4605 1400 4667 relerunt,
1421 4602 1457 4659 ol)
1475 4605 1556 4657 verba
1572 4603 1766 4674 subsequentia
1785 4606 1895 4674 aptantur.

287 4684 404 4730 nasset:
427 4684 474 4729 aut
501 4674 591 4743 potius
619 4672 701 4730 modo
725 4675 790 4743 boc,
820 4676 901 4731 modo
922 4677 986 4733 illud
1005 4680 1085 4734 dicti·

1139 4694 1200 4734 enm
1215 4687 1278 4731 tnnc
1291 4677 1421 4745 temporis
1442 4688 1534 4730 secum
1550 4675 1693 4744 plerosque
1715 4677 1819 4732 exsules
1832 4675 1851 4728 in
1860 4679 1896 4723 san

288 4747 390 4803 tabant.

323 4836 360 4913 (b)
375 4838 464 4894 Edidit
474 4838 571 4905 Faber,
585 4840 708 4914 episcopi:
720 4840 788 4898 irene
798 4842 919 4911 quidem,
932 4844 954 4899 si
965 4846 1089 4901 veritatis

286 4912 380 4967 lrnstes
393 4911 535 4965 calumniis
556 4928 570 4965 a
592 4930 620 4967 se
636 4916 795 4984 erctrgitntis
817 4924 938 4983 starent,
958 4918 1001 4972 lrio
1014 4919 1087 4972 onim

286 4983 436 5053 respiciunt
455 4984 488 5037 ml
506 4984 595 5039 lictant
609 4984 716 5041 lirsenii
740 5002 845 5042 necem.
862 4991 895 5042 nt
909 5004 970 5043 eum
987 4990 1088 5058 tritique

285 5057 389 5125 priores
406 5054 536 5111 lalsitates
549 5070 611 5111 suas
624 5069 799 5129 exsurgerent,
812 5062 892 5114 etiam
910 5060 953 5115 bic
967 5061 1089 5116 retinen·

285 5129 351 5184 dnm
378 5138 504 5198 putamus
528 5142 589 5183 errm
617 5128 765 5203 archetypo
791 5134 940 5201 crernplari
956 5133 1090 5204 episeopo-

286 5216 354 5256 rum.

323 5296 359 5366 (a)
376 5294 487 5351 Falsum
506 5294 556 5351 lroc
571 5309 632 5351 esse
646 5294 773 5353 Liberius
788 5296 858 5366 apud
874 5296 1091 5365 caesaraeum,

285 5367 333 5423 lib.
350 5382 369 5421 rr
394 5368 451 5422 llist
477 5366 565 5435 Eccl,
577 5383 602 5421 c.
619 5367 663 5433 lli,
678 5382 770 5422 coram
784 5367 946 5424 Constantio
962 5374 1091 5437 asseruit,

285 5452 375 5509 neorte
390 5441 439 5509 ipsi
467 5454 498 5493 ea
510 5440 536 5492 in
551 5454 581 5495 re
595 5450 643 5493 ant
657 5438 842 5508 Cerretanum,
855 5450 901 5495 aut
915 5443 961 5512 qui
977 5456 1040 5497 cum
1055 5456 1089 5498 eo

287 5520 377 5577 erant,
389 5512 448 5566 ausi
462 5520 525 5566 sunt
541 5512 679 5566 reluctari.

322 5611 362 5679 (ιι)
378 5605 425 5662 llis
437 5602 669 5659 criminationibus
683 5604 770 5659 locum
785 5604 898 5668 dedere,
913 5620 973 5677 quae
988 5616 1046 5662 tom
1060 5607 1087 5663 in

288 5682 376 5746 prima
392 5692 445 5733 nnn
462 5675 581 5730 secundo
595 5676 734 5730 Arbarrasii
752 5675 785 5731 ad
800 5676 942 5732 ecclesiam
954 5692 1030 5731 snam
1042 5694 1086 5733 re-

288 5752 345 5805 ditu
362 5750 509 5817 etrntigere.
534 5748 561 5802 ln
583 5758 696 5816 unoque
717 5748 790 5803 enim
814 5748 901 5804 varias
926 5748 1086 5806 arianorum

286 5822 403 5881 lectione
422 5820 569 5877 seditiones
579 5828 652 5874 ortas
667 5830 725 5874 rese
740 5829 831 5875 narrat
846 5820 982 5887 iiocmtes,
1004 5821 1049 5877 lib.
1065 5839 1085 5890 r,

1138 4751 1218 4805 sedes
1232 4749 1393 4803 restituisse.
1412 4744 1579 4817 Quamquam
1596 4746 1659 4801 binc
1670 4748 1757 4803 rideri
1772 4755 1847 4818 poten
1857 4739 1896 4821 insi·

1139 4824 1257 4875 rnnlatus
1279 4821 1351 4887 otrrrd
1372 4818 1510 4871 damnamr
1528 4819 1661 4889 episcopas
1682 4821 1844 4881 resmrrroirt,
1861 4824 1896 4882 ott

1141 4893 1250 4955 Paulus,
1267 4891 1408 4957 asclepas,
1424 4889 1568 4945 liar-collus
1581 4900 1608 4945 ot
1627 4892 1729 4950 Lucios
1740 4894 1815 4949 simul
1826 4896 1897 4945 cunin

1140 4964 1254 5019 Rornarn
1274 4961 1406 5032 proiecti,
1425 4962 1520 5016 iisdem
1535 4962 1599 5018 lolii
1620 4965 1721 5021 litteris
1734 4966 1851 5023 ecelesias
1862 4970 1897 5013 sus

1140 5045 1346 5105 recuperarunt,
1374 5034 1427 5088 Sed
1442 5034 1514 5103 atrod
1530 5046 1591 5103 post
1603 5037 1739 5107 synodum
1755 5036 1897 5093 Sardiano

1141 5120 1246 5178 gestum
1262 5108 1345 5160 relect
1364 5104 1503 5166 Socrates,
1519 5106 1566 5162 lib.
1581 5124 1611 5175 rr,
1626 5125 1651 5163 c.
1666 5109 1897 5167 ‘ikritlronasirstt

1143 5178 1278 5234 Pelusium
1289 5178 1444 5244 iterfaciens
1457 5177 1652 5245 Alexandriam,
1663 5181 1691 5238 in
1699 5183 1807 5253 sirtpulis
1819 5187 1898 5248 persen

1144 5249 1271 5305 transibat
1293 5248 1449 5314 crassantes,
1466 5262 1571 5305 crinatos
1591 5255 1767 5310 commanebat
1785 5264 1810 5308 art
1825 5251 1897 5305 :idatii

1142 5322 1246 5393 quidem
1265 5332 1453 5388 oberrarerrtnr,
1466 5338 1578 5379 earcere
1597 5327 1759 5397 susciperent
1778 5316 1898 5395 auricomi·

1144 5393 1272 5448 stantialis
1288 5392 1365 5459 fidem
1386 5392 1574 5463 profiterentur.
1598 5394 1633 5450 ln
1647 5398 1797 5467 quibusdam
1809 5398 1867 5450 etima
1876 5404 1898 5441 rr·

1143 5466 1226 5519 etesiis
1250 5464 1423 5519 ordinationes
1445 5468 1517 5539 [ecit.
1542 5466 1668 5535 Quaeres
1690 5468 1897 5523 ulteriusadram

1142 5537 1218 5590 illam
1233 5537 1420 5590 erirrtinntiorris
1442 5555 1532 5592 nosram
1546 5538 1661 5604 praebuit,
1677 5551 1808 5610 propterea
1821 5534 1872 5604 arad
1883 5534 1896 5582 ιι

1142 5610 1253 5664 aliorum
1272 5608 1387 5662 eeclesiis
1407 5610 1527 5663 ordinare
1545 5618 1674 5665 tentrrsset.
1696 5612 1752 5666 lloc
1771 5613 1856 5681 ipsum,
1870 5611 1896 5657 all

1141 5680 1242 5749 aliquid
1269 5680 1424 5749 tnrjrrsntodi
1445 5692 1509 5735 arrte
1526 5681 1648 5736 carradam
1671 5682 1800 5754 synodum
1820 5682 1845 5733 ab
1860 5679 1896 5744 ipsl

1141 5752 1290 5822 praestitum
1305 5768 1365 5810 esse
1385 5768 1437 5809 uon
1457 5754 1571 5810 obscure
1588 5755 1708 5811 innuitur
1723 5756 1749 5810 ia
1762 5755 1792 5811 iis
1806 5768 1851 5824 arra
1862 5761 1896 5816 prs

1140 5822 1264 5881 rnauilius
1278 5834 1349 5881 sunt.
