4017 6317
94 334 131 397 tp
728 338 771 399 DE
790 338 979 401 rorulrnrt
998 342 1103 403 ttsult
1115 347 1149 406 il.
1724 358 1760 416 5D

96 454 151 511 ltoc
175 454 289 527 quidem
315 466 419 515 tanturn
435 457 583 516 voluntatis
606 472 672 515 merc
688 457 825 531 professio
845 465 944 527 ostri
995 466 1152 537 [estantibus
1177 464 1266 542 'pauca
1295 474 1464 545 prelocutus,
1487 476 1523 531 ad
1543 478 1707 537 scribendum
1728 483 1760 539 de

95 558 230 604 carorum
248 544 343 607 ausilii
356 564 381 607 et
394 557 470 609 rariser
479 552 586 609 icordim
599 560 651 607 ιιιι
664 568 761 609 mttnus
772 552 904 611 orandum

79 650 150 707 rest,
166 651 194 695 ut
211 650 326 699 extensa
342 644 389 699 rilai
402 644 463 701 fidei
480 654 578 701 nostro
595 644 831 718 confessionisque
845 649 904 704 vela

79 782 83 802 ,
99 736 166 792 Dato
189 736 311 809 Spiritus
335 740 372 795 toi
388 739 513 810 impleas,
531 754 632 809 uosque
645 741 672 795 in
686 754 794 797 cursum
807 740 905 813 prudi-

94 832 216 887 ratlonis
241 830 316 886 initu
337 832 487 903 propellas.
513 832 571 890 Nou
587 834 659 889 orairn
684 834 763 891 nobis
787 832 906 893 inlitlelis

92 922 256 993 sponsionis
268 924 345 981 istius
354 937 449 983 atteror
462 934 513 987 cst,
529 926 622 983 diceus
636 945 642 983 :
658 926 751 995 Petite,
765 936 788 984 et
801 928 905 985 dabitur

91 1018 321 1089 subiuncturus,
337 1028 360 1075 et
381 1020 534 1090 inuenietis;
550 1022 660 1093 pulsate,
677 1032 700 1077 et
716 1022 845 1095 aperietur
860 1039 905 1077 oc·

93 1116 133 1169 bis
148 1111 228 1185 (Duc.
245 1129 284 1181 ιιι,
301 1112 341 1186 9).
364 1113 420 1169 Nos
434 1114 542 1186 quidem
557 1116 652 1188 inopes
666 1130 697 1171 ea
719 1116 817 1185 utribus
841 1130 906 1189 ege-

93 1222 158 1263 mus
175 1206 365 1277 precabimur,
381 1217 409 1263 et
420 1207 446 1263 in
467 1207 619 1265 scrutandis
634 1211 827 1280 prophetarum
844 1220 905 1265 tuo·

89 1318 155 1356 rnna
172 1301 416 1375 apostolorumque
435 1302 515 1358 Dictis
528 1304 645 1359 stntllum
661 1304 788 1375 peruicax
807 1304 904 1361 abero·

89 1410 167 1463 rnrrs,
184 1402 213 1451 et
228 1410 325 1452 omnes
345 1396 480 1453 obseratae
494 1398 679 1471 intelligentiae
701 1399 790 1455 aditus
812 1400 904 1472 puiss-

90 1490 202 1546 bisons:
214 1489 263 1546 sed
279 1498 355 1546 tuorn
367 1497 420 1557 est,
430 1498 571 1545 etoratum
582 1490 711 1559 trilmere,
722 1493 902 1563 etqurositnot

90 1581 206 1651 adesse,
221 1590 250 1638 et
263 1592 357 1653 patere
372 1583 519 1654 pulsatum.
534 1584 685 1654 Torpemus
695 1584 769 1639 enirn
783 1584 901 1655 quodam

91 1684 201 1733 naturae
214 1684 315 1733 nostrae
329 1676 406 1748 pigro
421 1686 542 1747 stupore,
558 1685 586 1734 et
606 1677 645 1733 ad·
663 1694 706 1733 res
721 1686 781 1734 tuas
802 1678 903 1735 intelli-

90 1770 198 1844 gentias
220 1772 291 1829 iutra
306 1770 465 1843 iprrornmias
479 1772 669 1828 necessitatem
695 1772 796 1845 ingenii
813 1774 901 1829 nostri

995 568 1048 613 tunt
1059 562 1197 618 reconditis
1207 564 1282 621 rebus
1296 566 1403 623 inuitum
1414 585 1442 625 se
1458 586 1489 623 ac
1500 580 1651 629 trementem
1663 574 1760 629 adduci

994 654 1113 725 pluribus
1134 666 1300 727 protestatur.
1322 660 1394 716 Hinc
1415 662 1460 717 ubi
1491 666 1594 736 aperuit
1618 666 1651 721 de
1678 666 1761 723 Patre

992 748 1055 820 pnid
1075 752 1179 818 sentiat,
1206 752 1288 807 uerbis
1307 771 1362 811 rem
1384 766 1413 811 ut
1432 767 1471 813 est
1485 774 1538 813 non
1551 759 1615 815 totis
1633 761 1760 832 explicari

993 845 1113 899 osterrdit.
1128 844 1225 902 Deinde
1240 848 1303 919 quid
1314 850 1347 904 sit
1356 850 1448 921 quidue
1465 868 1517 905 non
1531 852 1564 907 sil
1581 850 1667 909 rrum
1678 870 1759 927 espo-

993 938 1051 1003 nit,·
1069 948 1094 991 et
1112 940 1198 1011 martit
1214 957 1269 1009 eos,
1282 943 1326 1012 qui
1340 942 1427 1014 inique
1441 942 1528 1013 ierunt
1542 959 1571 999 se
1582 946 1758 1017 perorationis

992 1031 1065 1087 illins
1079 1044 1265 1090 ιιιιιιιιιιιιιιιιιι
1287 1052 1378 1109 capere
1392 1054 1445 1092 non
1464 1054 1539 1109 posse
1548 1055 1559 1104 ,¹
1578 1056 1635 1094 cunr
1649 1049 1685 1094 tot
1695 1040 1756 1095 aliis

991 1125 1020 1180 in
1031 1125 1118 1195 rebus,
1130 1128 1207 1183 etionr
1217 1130 1281 1197 suis,
1294 1131 1472 1201 epucrrirniter
1480 1131 1593 1203 irruperiti
1605 1133 1666 1188 sint.
1680 1131 1757 1188 Hanc

991 1234 1050 1273 rere
1061 1219 1261 1276 inenarrabilem
1275 1222 1340 1277 iiiii
1354 1221 1404 1279 Dei
1416 1226 1609 1295 penerutionem
1629 1226 1755 1296 supienti-

991 1308 1038 1365 bus
1052 1312 1150 1381 saeculi,
1163 1312 1254 1370 scribis
1265 1314 1337 1387 lepis,
1350 1325 1374 1369 et
1386 1316 1514 1371 benedicis
1532 1317 1692 1391 iprtoratunt,
1714 1320 1757 1375 di·

991 1405 1051 1459 uinu
1062 1405 1134 1459 iltius
1149 1416 1242 1463 notura
1262 1408 1335 1480 prius
1354 1410 1444 1481 paucis
1472 1412 1656 1482 denumerata,
1674 1414 1757 1471 uerbis

992 1495 1269 1568 Piscatorisecplicat.

954 1587 1052 1646 Postea
1065 1591 1143 1662 fidens
1164 1592 1309 1663 Scripturis
1330 1597 1465 1669 [undalum
1484 1600 1676 1667 conmendare,
1699 1616 1756 1656 earn

990 1686 1177 1743 predicamento
1201 1700 1334 1761 conspuent
1356 1691 1489 1747 nsedendis
1516 1692 1634 1748 erunibus
1659 1695 1758 1749 morbis

990 1778 1096 1846 idoneo,
1121 1780 1200 1852 idque
1217 1784 1353 1853 confirmat
1370 1785 1459 1841 altatis
1480 1784 1627 1859 Scriptura
1640 1787 1756 1842 testinno-

92 1864 287 1921 intbeeillitale
297 1864 457 1923 cohibemur
469 1882 475 1919 :
488 1864 535 1921 sed
548 1864 680 1923 doctrine
692 1872 744 1919 tuas
759 1865 847 1921 studit
865 1864 899 1921 ati
914 1872 939 1933 Β
988 1872 1049 1939 niis,
1066 1873 1160 1944 quibus
1179 1873 1289 1931 Sabellii
1302 1876 1381 1932 sincrd
1404 1887 1430 1932 et
1449 1876 1573 1935 Hebionis
1585 1880 1756 1936 Adarrorunr-

91 1974 205 2015 sensnm
231 1974 282 2013 nos
306 1958 405 2013 tlirinan
430 1958 593 2029 cognitionis
617 1956 659 2032 (l)
684 1957 848 2023 instituunt,
873 1964 901 2013 et

93 2053 165 2109 ultra
190 2052 343 2109 naturalem
359 2052 515 2123 opinionem
530 2050 593 2107 lidel
608 2050 646 2123 (a)
664 2049 818 2107 obedientia
836 2065 900 2121 pro-

93 2148 179 2205 scirit.

129 2242 176 2299 58.
200 2242 397 2313 lixspectamos
429 2256 495 2314 ergo
519 2248 549 2299 ut
583 2241 680 2314 trepidi
712 2241 792 2313 hujus
817 2241 900 2316 ccepti

94 2334 207 2392 exordia
223 2336 331 2401 incites,
348 2347 375 2391 et
398 2334 519 2406 proiectu
540 2343 715 2393 accrescente
739 2335 898 2406 consumes,

96 2438 123 2483 et
137 2427 172 2484 sd
184 2428 355 2485 consortium
369 2428 412 2483 rel
432 2429 600 2499 prophetalis
619 2429 661 2485 rel
686 2428 830 2501 apostolici
842 2430 900 2501 spi·
926 2455 929 2461 ·

97 2522 164 2577 ritus
176 2536 279 2579 noces:
295 2522 402 2579 tardiora
416 2538 510 2579 eorum
527 2539 579 2581 noo
595 2525 648 2581 allo
658 2540 739 2597 quarn
753 2526 803 2597 ipsi
813 2525 898 2583 locuti

2 2609 3 2612 ’
99 2626 256 2673 stratseosu
280 2616 527 2689 apprehendamus,
551 2619 753 2691 uerborumque
776 2622 900 2693 proprie-

101 2718 169 2765 tates
188 2709 284 2767 iistlern
308 2726 398 2767 rurum
426 2712 669 2781 significationibus
702 2728 896 2786 exsequamur.

102 2802 229 2857 Lacuturi
240 2804 310 2859 enim
321 2818 424 2871 santus,
436 2820 499 2874 unae
512 2804 547 2861 ab
561 2806 592 2860 lis
604 2806 630 2861 in
643 2815 816 2863 sacraruento
830 2822 899 2878 prae·
945 2804 947 2809 ’

30 2936 32 2939 .
105 2894 189 2949 dicata
204 2906 278 2963 sunt,
293 2906 319 2953 te
332 2904 464 2954 asternunt
479 2897 575 2963 Deum,
591 2899 688 2954 aererni
707 2900 837 2972 ossigeniti
850 2900 898 2957 Del

107 2995 209 3057 patrem
223 3004 231 3040 ι
244 2995 273 3043 ει
290 3004 367 3043 utrum
383 2998 409 3044 te
421 2992 480 3045 sine
499 2989 650 3056 nativitate,
664 3002 692 3047 et
710 3008 793 3048 unum
809 2992 899 3049 Domi-

108 3094 171 3133 num
194 3078 287 3136 Jesrrm
302 3078 434 3139 Claristum
447 3098 481 3139 ex
505 3089 531 3139 le
546 3082 693 3140 natiuitatis
707 3096 827 3154 eternae,
844 3102 898 3141 nun

104 3170 131 3227 in
145 3170 180 3245 (b)
192 3172 303 3230 risurum
317 3190 458 3232 numerum
471 3162 592 3232 veritatis
606 3178 762 3234 diuersitate
777 3178 899 3236 releren-

102 3266 164 3321 rlmn
178 3284 184 3323 :
199 3283 287 3340 neque
299 3284 352 3326 oon
373 3286 408 3327 cs
424 3281 450 3327 te
462 3272 599 3343 peniurm,
623 3272 661 3345 (ι)
682 3275 727 3344 qui
744 3274 814 3331 Deus
829 3290 897 3331 ursus
912 3272 935 3335 C
951 3276 1016 3333 dita.
1031 3277 1235 3338 —Sulilciebat
1256 3283 1430 3341 credentibus
1456 3284 1505 3343 Dei
1530 3300 1632 3351 sermo,
1652 3285 1697 3356 ptri
1724 3284 1751 3340 in

100 3374 141 3425 es,
164 3360 379 3431 praedicandum
405 3378 492 3434 neutro
507 3364 578 3421 aliud
594 3381 674 3436 quous
697 3367 781 3421 Deum
793 3382 897 3439 rerum,

98 3454 143 3523 qni
155 3468 187 3508 es
202 3462 229 3510 te
245 3453 286 3527 (i)
302 3454 356 3511 Deo
372 3471 438 3512 rero
450 3465 527 3527 patre
540 3468 618 3514 natus
632 3468 684 3526 est,
700 3458 896 3517 connitendum.

98 3546 197 3605 Tribus
211 3565 277 3622 ergo
293 3551 370 3609 nobis
383 3552 528 3608 uerborum
542 3553 777 3624 significationem,
795 3554 898 3612 intelli·

77 3672 80 3681 ·
96 3646 194 3717 penus
216 3646 320 3715 lumen,
343 3646 478 3703 dictorum
493 3646 633 3715 honorem,
660 3648 782 3705 ueritatis
796 3647 898 3705 idem:

95 3753 121 3797 et
137 3750 247 3811 presta,
263 3750 293 3797 ut
305 3742 378 3815 aaron
393 3742 539 3809 credimus,
556 3754 583 3800 et
605 3743 764 3815 loqttarnur;
784 3744 897 3815 seilicet,

96 3848 123 3891 nt
137 3838 280 3911 contingat
293 3836 382 3904 nobis,
407 3852 490 3893 unum
505 3846 531 3893 te
549 3840 631 3893 Deum
656 3845 759 3907 'latrem
774 3846 801 3893 et
816 3853 899 3893 unum

95 3930 241 3986 Dominum
255 3929 349 3986 iesum
363 3928 499 3986 Christum
513 3929 548 3985 do
561 3930 704 4001 Prophetis
727 3939 808 4001 atque
824 3934 899 4001 Apo·

95 4024 171 4079 stolis
181 4022 421 4095 cognoscentibus,
431 4037 501 4078 nunc
516 4023 657 4079 advorsum
672 4034 801 4093 negarucs
814 4024 900 4078 lrmre·

94 4116 173 4186 ticos,
188 4118 228 4173 ita
243 4114 284 4189 (d)
299 4116 381 4174 Deum
395 4127 422 4173 et
433 4128 457 4172 te
472 4116 619 4181 celelnare,
635 4132 669 4171 ue
680 4116 784 4183 sulum;
801 4124 900 4173 etcum

93 4210 257 4281 prtctlicare.
274 4225 308 4266 oe
323 4209 431 4275 laisum.

280 4347 401 4422 25-20
412 4347 516 4405 trouu
528 4347 717 4405 SECUNDUS.

92 4486 131 4543 De
153 4490 266 4545 ueritate
285 4486 421 4543 Trinitatis
448 4488 601 4558 perrerolirn,
624 4496 649 4543 el
676 4486 708 4543 de
735 4486 898 4559 rinpuiortttn

125 4598 304 4655 personnarum
318 4582 442 4653 dipuitnte
455 4590 480 4635 et
504 4580 592 4653 efficio
613 4580 766 4635 nominatim
784 4580 897 4637 disserit.

987 1976 1188 2035 puecommenra
1201 1967 1372 2023 debellantur.
1403 1968 1466 2025 lion
1489 1980 1555 2026 tacet
1578 1972 1698 2043 prodant
1722 1973 1755 2027 de

988 2056 1091 2115 cbristo
1103 2060 1131 2115 ιἰι
1143 2059 1288 2132 seripturis
1302 2064 1448 2131 circumseri,
1461 2080 1520 2137 puae
1533 2064 1704 2139 Deoindipnc
1715 2067 1754 2122 si-

988 2151 1117 2219 deonrur;
1130 2153 1176 2209 sed
1194 2154 1222 2207 in
1233 2155 1266 2209 iis
1279 2156 1354 2225 ipsis,
1367 2173 1425 2228 pure
1435 2158 1541 2213 brtmnni
1561 2158 1663 2231 pencris
1675 2176 1755 2215 causo

988 2246 1125 2315 minutiore
1137 2257 1272 2314 narratur,
1283 2251 1395 2305 ostendit
1408 2266 1460 2307 non
1471 2252 1560 2307 deesse
1574 2255 1710 2326 potestatis
1723 2270 1755 2309 oc

987 2340 1120 2413 dipnitotis
1131 2342 1216 2414 sipna,
1233 2343 1325 2415 paribus
1336 2360 1395 2399 eum
1412 2361 1471 2401 nere
1484 2344 1569 2403 Deum
1584 2363 1638 2405 esse
1657 2348 1752 2406 dorea-

988 2450 1057 2489 ιιιιιι.

950 2526 1068 2583 Tendens
1080 2526 1211 2601 Spiritum
1224 2537 1340 2584 sanmuro
1359 2532 1469 2587 existere
1488 2548 1506 2587 tt
1529 2530 1610 2589 Patre
1632 2542 1658 2587 et
1682 2530 1754 2590 Filio

987 2618 1137 2677 distinction
1149 2621 1251 2693 pubal,
1264 2630 1290 2677 et
1310 2637 1399 2678 eorum
1426 2624 1579 2697 scrupulum
1603 2624 1682 2693 tenor,
1707 2627 1755 2697 pai

987 2714 1035 2771 boe
1047 2724 1095 2770 aut
1108 2716 1229 2787 ipnorant
1247 2726 1293 2771 nur
1309 2717 1454 2789 antbipunt,
1472 2720 1535 2790 puin
1553 2718 1671 2787 Spiritus
1692 2735 1753 2775 noce

986 2809 1094 2866 Putrem
1108 2819 1152 2865 aut
1166 2808 1265 2865 Filium
1275 2814 1421 2883 [requenter
1430 2813 1540 2885 inteliipi
1552 2811 1665 2869 rideant.
1679 2810 1753 2869 rru-

987 2910 1056 2957 terett
1082 2902 1275 2957 demonstratur
1295 2901 1411 2973 Spiritus
1437 2906 1521 2961 tancti
1538 2905 1626 2961 dicim
1646 2914 1752 2975 saturn

986 2995 1115 3067 officium,
1131 3012 1208 3067 punnt
1223 3002 1397 3057 rreoessoriunt
1410 3000 1483 3057 nobis
1497 3002 1530 3057 sit
1541 3000 1613 3057 itlius
1633 3000 1746 3068 danunt,

986 3105 1068 3160 puoue
1082 3091 1168 3147 studio
1180 3094 1387 3161 promerendum.

987 3183 1014 3237 l.
1036 3184 1114 3251 Quod
1126 3186 1235 3258 sufficiat
1247 3186 1381 3245 Trinitatis
1399 3190 1493 3246 notitia
1514 3192 1542 3246 in
1555 3190 1681 3265 baptismo
1696 3198 1752 3245 tra·

950 3382 1031 3425 aures
1045 3379 1151 3427 nostras
1162 3370 1505 3445 Euangelisttetestimonio
1515 3392 1577 3433 cum
1586 3377 1753 3449 ipssrerita·

950 3462 985 3517 tis
1006 3477 1063 3518 suae
1090 3465 1189 3522 virtute
1211 3468 1364 3526 transfusos
1375 3478 1429 3538 cst,
1442 3484 1504 3527 curn
1520 3471 1586 3527 dicit
1601 3471 1751 3530 Dominus:

950 3552 1051 3610 Euntes
1063 3572 1132 3612 nunc
1144 3558 1232 3634 docete
1252 3576 1341 3617 amnes
1362 3572 1460 3634 pentes,
1481 3564 1641 3636 baptizantes
1660 3580 1705 3620 eos
1725 3565 1753 3619 in

950 3649 1054 3705 nostine
1075 3648 1199 3708 Pertinet
1213 3652 1277 3709 Filii
1289 3665 1313 3709 et
1327 3652 1444 3727 Spiritus
1459 3654 1562 3724 Sancti,
1577 3657 1697 3713 docentes
1709 3672 1753 3712 eos

950 3759 1051 3800 serame
1063 3745 1149 3801 omniu
1163 3741 1330 3821 puecrrnrpue
1345 3747 1380 3821 (e)
1395 3751 1490 3806 inundo
1502 3750 1574 3807 nobis
1585 3760 1631 3806 :et
1639 3766 1697 3807 ecce
1705 3764 1753 3823 epo

951 3836 1082 3892 nobiscum
1095 3854 1154 3893 sunt
1169 3839 1287 3896 onrrnbus
1310 3841 1401 3897 diebus
1416 3843 1537 3911 usquein
1550 3844 1754 3899 consummatio·

952 3944 1010 3982 nem
1022 3929 1112 3983 saculi
1126 3928 1234 4001 (lintris.
1248 3947 1339 3997 ιιιιιι,
1355 3932 1401 3998 ts,
1423 3932 1482 4003 stt).
1504 3932 1573 4000 Quid
1586 3933 1658 3989 enirn
1668 3931 1710 4006 (ὅ)
1722 3932 1752 3988 in

952 4034 985 4075 eo
1009 4020 1043 4076 de
1069 4032 1239 4101 sacramento
1263 4022 1298 4095 (ι’)
1318 4023 1413 4079 salutis
1428 4022 1615 4079 humanenon
1630 4024 1754 4078 contine·

949 4114 1016 4169 turl
1026 4120 1074 4169 sut
1084 4113 1149 4185 qnid
1163 4125 1216 4181 est,
1233 4116 1305 4185 quod
1317 4116 1353 4171 sit
1365 4115 1499 4187 reliquum
1516 4125 1563 4172 eol
1584 4115 1753 4173 obscurum?

952 4206 1035 4263 Plena
1048 4215 1113 4263 sunt
1124 4209 1215 4264 omnis
1227 4218 1285 4265 ota
1300 4210 1380 4281 pleno
1395 4208 1446 4282 ,(4)
1458 4218 1487 4266 ει
1499 4225 1513 4263 ι
1526 4209 1648 4281 perlecto
1662 4209 1753 4282 perie-
1774 4227 1779 4236 ’

955 4312 997 4358 ιιι
1027 4300 1079 4376 (p).
1093 4300 1162 4359 Naar
1178 4311 1206 4361 ει
1218 4304 1363 4364 verborum
1382 4304 1620 4377 significationem,
1642 4316 1671 4362 et
1690 4305 1752 4362 eill-

953 4395 1080 4454 cientiam
1095 4412 1197 4467 rerum,
1211 4409 1237 4455 el
1262 4399 1432 4471 negotiorum
1453 4397 1589 4467 ordinem,
1610 4405 1638 4455 et
1650 4407 1755 4455 nature

953 4488 1158 4561 intelligentiam
1185 4490 1428 4563 comprehendunt.
1453 4491 1595 4563 Baptissre
1615 4491 1696 4563 jussit
1725 4492 1754 4547 in

951 4585 1058 4639 nornine
1068 4582 1158 4640 Patris
1169 4594 1195 4641 et
1209 4583 1275 4639 Filii
1297 4594 1323 4640 et
1348 4584 1465 4657 Spiritus
1487 4586 1581 4655 suncti,
1602 4584 1629 4640 id
1646 4593 1700 4651 est,
1726 4584 1756 4640 in

126 4679 164 4732 rlc
188 4677 278 4743 primo
302 4676 404 4747 quidem
424 4675 539 4730 declarat
557 4671 674 4729 Hilarius
698 4676 763 4730 tanti
783 4676 1122 4747 nrpsleriilioonlessione
1143 4689 1173 4736 et
1197 4680 1326 4748 auctoris,
1351 4692 1380 4737 et
1401 4680 1442 4755 (b)
1462 4679 1605 4751 unigeniti,
1627 4685 1656 4735 et
1677 4677 1754 4735 (loni.

125 4774 252 4829 notitiam
266 4774 293 4826 iu
304 4772 430 4845 baptismo
439 4770 562 4827 traditam
577 4772 707 4839 sufficere.
723 4769 790 4825 Turn
800 4772 831 4827 dc
843 4770 897 4827 irte-

125 4882 216 4923 resnns
233 4864 443 4936 amplitudoque
461 4862 589 4918 hereticis
606 4861 743 4919 Trinitatis
760 4862 839 4933 fidens
858 4865 900 4919 in·

125 4980 168 5128 tl

191 4978 346 5035 instruant.

190 5054 330 5109 innostro
344 5064 396 5106 ms.
410 5049 587 5123 supprimitur
603 5064 659 5107 ros
670 5050 735 5107 Deo.

125 5168 166 5243 (a)
186 5172 217 5226 ln
233 5168 296 5225 coti.
315 5168 374 5223 Vnt.
391 5168 449 5225 uas.
463 5168 632 5224 obedientium
642 5166 805 5239 protrabunt,
821 5166 901 5223 rotie.
921 5181 924 5191 ¹

90 5242 239 5312 Quomodo
263 5248 353 5295 atatem
381 5240 448 5296 fides
464 5256 514 5296 trans
526 5240 658 5312 prorelrat
669 5240 701 5295 sti
716 5239 754 5307 iti,
770 5240 841 5312 quod
855 5254 904 5295 nu·

91 5316 188 5371 ruralis
222 5328 322 5369 scansus
347 5326 401 5367 non
426 5312 553 5385 attingit,
581 5313 706 5383 superius
730 5311 785 5383 jam
810 5311 903 5368 oDser·

91 5400 196 5443 illlum.

128 5458 166 5529 (b)
186 5456 324 5514 Vetusius
346 5455 433 5511 codex
455 5455 535 5513 Colla:
546 5472 608 5515 cum
624 5456 717 5514 Gerrn.
733 5455 771 5512 uti
784 5468 902 5527 praemo·

92 5533 217 5596 nuisnnS,
232 5545 309 5582 ιιιιιιι.
327 5528 371 5595 tl,
386 5544 437 5581 nou
449 5528 474 5582 iu
491 5529 602 5585 duorum
616 5544 763 5584 ιιιιιιιειιιιι.

127 5601 164 5673 (ι)
185 5601 241 5657 lis.
263 5598 321 5653 lar.
347 5600 416 5662 bas,
434 5600 495 5672 puio
510 5599 592 5656 Deus.
617 5600 679 5656 blus
693 5601 774 5655 Caro.
789 5606 816 5654 et
830 5612 900 5653 raon·

94 5674 159 5729 nulli
173 5672 236 5738 alii,
255 5686 339 5741 neqne
350 5670 377 5724 in
397 5672 487 5739 aliud:
502 5680 606 5743 postca,
620 5670 664 5727 ubi
686 5688 719 5727 es
730 5679 754 5724 te
775 5666 903 5724 Decurre

94 5757 179 5817 putre,
196 5746 281 5798 alrest
295 5742 377 5796 Deos
393 5743 526 5813 plerisque
542 5760 608 5799 urss.
864 5810 871 5823 ι

129 5818 168 5887 (d)
190 5817 222 5872 Ιιι
234 5822 347 5869 vetusto
361 5812 453 5869 codice
471 5815 550 5891 Dolo.
571 5816 646 5869 itaet
668 5813 749 5868 Deum
759 5822 792 5866 te.
808 5810 906 5867 lleltus

93 5887 139 5945 alli
150 5890 189 5945 ito
204 5885 294 5941 Derim
306 5884 452 5951 collocant,
463 5896 492 5941 ιιι
504 5886 561 5941 trac
575 5898 624 5940 run
638 5894 663 5940 et
677 5884 712 5939 nti
726 5892 750 5937 te
764 5880 834 5937 etot}
848 5898 906 5937 eunt

950 4775 1054 4830 Auctor
1068 4790 1138 4830 utros
1151 4782 1194 4831 est
1202 4775 1335 4830 omnium.
1351 4774 1428 4831 Unus
1438 4782 1481 4831 est
1491 4774 1564 4832 enim
1577 4774 1650 4831 Deus
1661 4774 1752 4843 Peter,

950 4880 984 4923 ex
998 4880 1053 4936 quo
1063 4868 1171 4934 omnia;
1186 4876 1214 4924 et
1232 4883 1303 4923 unus
1317 4866 1478 4939 Unigenitus
1503 4868 1636 4925 Dominus
1662 4874 1756 4924 noster

987 4979 1029 5053 (b)
1048 4978 1084 5036 bn
1097 4983 1186 5038 eodern
1196 4983 1377 5042 Sacramenta.
1391 5033 1394 5038 .

988 5051 1031 5126 (bl
1049 5052 1086 5109 Et
1099 5059 1213 5128 perfecto
1229 5060 1355 5128 prosecta.
1456 5069 1461 5080 ’

955 5184 1032 5239 tratre
1047 5169 1190 5227 reserator.
1205 5172 1265 5229 ilos
1279 5172 1306 5228 in
1321 5172 1434 5230 Csrrrut.
1458 5182 1487 5231 et
1507 5172 1578 5241 eliis,
1593 5190 1640 5229 nec
1661 5173 1756 5241 solum,

955 5256 1001 5297 nec
1022 5240 1139 5312 salum:
1152 5244 1241 5300 orions
1255 5245 1371 5301 sineere.
1386 5246 1443 5302 iloe
1455 5248 1527 5302 enirn
1549 5246 1601 5302 sibi
1627 5244 1703 5299 volt:
1720 5246 1758 5302 ita

955 5322 982 5369 et
997 5322 1024 5369 tc
1035 5314 1175 5372 celebrare
1197 5314 1293 5385 Deum,
1308 5326 1337 5372 ut
1359 5332 1413 5374 oon
1428 5318 1579 5374 solitarium
1601 5315 1756 5385 credamus,

956 5393 983 5440 et
997 5400 1059 5441 eum
1073 5385 1220 5457 praedicare
1241 5388 1336 5456 Deum,
1350 5399 1380 5445 ot
1404 5403 1458 5445 non
1480 5388 1577 5444 falsum
1597 5387 1758 5457 captemus.

960 5454 1028 5511 Tum
1043 5456 1070 5512 in
1086 5457 1167 5515 Cori).
1181 5458 1308 5531 adjicitur
1318 5460 1437 5516 clausula
1452 5461 1543 5515 suren.

996 5526 1032 5597 (ι)
1052 5528 1134 5597 Editi,
1149 5532 1270 5586 madoci
1285 5531 1500 5587 :reluctantibus
1512 5542 1579 5585 mss.

994 5599 1029 5675 (ι)
1046 5600 1085 5656 lta
1102 5616 1169 5656 nass.
1182 5604 1349 5674 anstqnlores
1362 5602 1450 5664 falb..
1466 5598 1560 5668 esraa,
1574 5599 1681 5670 Germ„
1703 5611 1759 5661 etc.

957 5672 1012 5729 nur
1027 5687 1088 5727 cum
1104 5673 1230 5743 uulgatus,
1243 5690 1270 5727 ιιι
1281 5675 1368 5727 rodem
1380 5681 1550 5728 ιιιιιιιιιιιιιιιι.

994 5744 1034 5817 (p)
1053 5744 1118 5799 llss.
1139 5744 1198 5799 bas.
1223 5744 1294 5810 llas,
1320 5743 1430 5796 Cantor.
1453 5757 1515 5797 curn
1535 5744 1628 5814 paucis
1651 5744 1760 5815 eliis,'ct

959 5819 1074 5887 perfecto
1086 5817 1211 5886 prosecta.
1249 5883 1253 5888 ἢ

996 5884 1037 5957 (b)
1057 5886 1114 5940 llno
1131 5899 1195 5939 nass.
1217 5883 1295 5940 eall.
1311 5893 1338 5939 et
1348 5884 1441 5940 Germ.
1453 5883 1578 5955 unipeniti
1588 5881 1648 5941 Dei.
