4017 6317
99 312 160 373 ¹69
708 334 755 393 DE
774 337 961 400 lutulente
980 344 1084 405 ltudu
1104 350 1146 409 tl.

103 431 223 489 tendens
238 434 415 509 intelligitut;
430 444 596 515 compositus
614 450 666 505 erit
686 450 784 519 Pater,
800 467 828 513 et
840 458 908 515 divi·
922 464 945 521 Α
961 464 1025 519 ralis
1045 470 1173 527 nativitas
1194 472 1350 535 doceretur.

101 523 213 589 sibilis,
226 536 254 584 et
271 532 476 600 convertibilis,
493 545 520 591 et
540 552 638 609 corpus
658 546 805 603 secundum
828 551 905 620 illus,
960 553 1132 630 Patreeuiei,
1147 575 1171 618 et
1183 570 1239 622 neni

103 625 144 682 et,
159 631 293 688 quantum
310 622 337 678 iu
353 623 418 695 ipsis
433 634 485 694 est,
501 636 693 705 consequentia
713 642 834 709 corporis
847 658 907 701 sus·
959 656 1013 705 tem
1028 654 1182 731 reliquerit,
1199 663 1244 732 qrti

103 709 197 767 tineus
208 712 268 768 sine
293 727 410 786 corpore
421 716 500 775 Deus.
516 739 526 775 s
543 720 640 781 Gravis
655 737 682 783 et
693 730 907 791 multedilllcul·
958 743 1082 803 exPstre
1093 764 1155 807 esso
1168 756 1240 823 quod

101 802 169 858 tatis
181 804 259 861 labor
276 818 351 865 esset
364 811 504 870 veritatem
520 816 656 889 religionis
676 822 818 881 arlversum
835 827 906 885 lslsi·
959 850 992 891 ne

101 896 170 951 tutis
192 896 360 968 impietatem
379 905 462 971 tueri,
482 906 505 962 si
518 921 648 978 quantum
666 914 749 973 audet
766 916 905 991 impietas,
958 926 1030 985 lam:
1045 930 1093 988 sed
1107 948 1169 991 cum
1181 937 1232 994 sibi
1246 949 1361 1000 testatur
1372 959 1571 1022 auctorem,cx
1584 974 1638 1031 quo
1651 977 1683 1019 sc
1697 979 1760 1035 pro-

101 987 130 1046 in
146 1002 252 1049 tantum
266 996 423 1055 consuleret
434 999 471 1073 (a)
486 1003 641 1073 prudenter.
655 1006 708 1064 Sed
732 1008 818 1081 berre,
834 1016 907 1087 quod
959 1018 1156 1085 liteturexisse.
1173 1030 1212 1088 be
1224 1034 1267 1092 lsis
1279 1046 1370 1095 autem
1386 1042 1603 1109 demonstrandis
1619 1064 1701 1128 atque
1715 1059 1759 1115 in·

99 1084 314 1159 irreligiositatis
331 1091 457 1151 voluntas
471 1111 504 1151 ex
525 1098 614 1169 iuopia
635 1102 786 1172 prudentiae
805 1117 856 1167 est.
872 1110 904 1167 Et
958 1114 1112 1186 telligcudis
1122 1126 1255 1201 posterior
1264 1131 1331 1186 milri
1339 1149 1430 1193 sermo
1440 1150 1491 1195 est.

100 1178 277 1237 idcircncum
287 1184 375 1241 lacilis
385 1187 421 1243 sit
433 1189 577 1247 adversum
591 1193 733 1253 stultitiam
746 1204 905 1273 responsio,
994 1208 1039 1263 lt.
1059 1209 1116 1269 Deo
1130 1215 1163 1271 dc
1180 1233 1208 1273 se
1220 1236 1272 1277 nen
1286 1226 1387 1282 neriae
1402 1230 1484 1300 nefus.
1496 1264 1533 1276 -
1545 1236 1654 1297 interim
1669 1252 1759 1302 tanuen

98 1274 259 1331 emendatio
277 1287 365 1333 tamen
380 1279 498 1337 diidcilis
516 1286 658 1343 stultorum
673 1300 736 1345 est:
759 1309 806 1361 per
825 1310 905 1365 quam
958 1299 1011 1358 bec
1029 1304 1184 1380 videamus,
1204 1330 1256 1385 qua
1278 1318 1395 1377 beminis
1417 1324 1514 1385 fiducia
1535 1332 1710 1407 intelligenda
1726 1341 1760 1398 dc

97 1368 222 1438 primum
237 1378 266 1426 et
280 1372 349 1427 ratio
366 1374 548 1446 intelligentias
562 1394 615 1434 nou
629 1382 773 1452 quaritur,
789 1396 815 1441 et
830 1386 907 1443 dein·
958 1395 1015 1451 Deo
1026 1398 1197 1471 inludenter,
1209 1422 1270 1479 quae
1284 1414 1382 1483 quoda
1396 1415 1454 1474 beo
1467 1420 1542 1479 dese
1553 1425 1625 1483 dicta
1637 1429 1693 1485 sint
1706 1446 1759 1489 non

993 1503 1099 1561 gantur.
1113 1495 1333 1568 0grarissimum
1349 1508 1475 1568 humane
1487 1516 1609 1574 stultitiae
1621 1530 1703 1594 atque
1719 1527 1761 1581 in·

632 1567 637 1579 '
665 1608 673 1635 ,
688 1583 741 1625 non
761 1570 906 1641 impietatis
958 1584 1080 1642 selentia
1092 1590 1227 1662 dedecus,
1241 1599 1418 1669 protessioats
1433 1622 1492 1661 suae
1504 1608 1539 1664 de
1554 1626 1584 1667 se
1603 1613 1686 1671 [lcum
1704 1633 1760 1674 nou

96 1648 228 1706 voluutas
250 1666 300 1721 pet
316 1655 439 1713 stultitiae
460 1671 569 1715 sertsum
589 1660 736 1721 detinuerit
753 1666 780 1723 in
794 1682 905 1737 errore,
957 1680 1041 1737 mode
1054 1697 1167 1756 arguere
1187 1704 1241 1745 non
1261 1694 1415 1765 eredendo,
1431 1700 1479 1755 sed
1501 1706 1672 1765 emendando
1684 1710 1761 1768 dam-

97 1742 137 1818 (ι)
148 1760 230 1815 spero
240 1754 269 1803 ut
279 1748 312 1803 ad
325 1750 542 1809 eurertdutioncm
557 1757 769 1827 proclivessint;
783 1778 843 1819 eum
852 1764 906 1819 im·
958 1790 1041 1843 nare3
1056 1780 1163 1837 utillud
1177 1784 1312 1845 irtedabilc
1326 1790 1354 1846 in
1365 1807 1399 1848 eo
1411 1806 1515 1853 nature
1528 1811 1584 1855 suae
1598 1802 1760 1877 vinetisque

95 1839 211 1909 pietatis
231 1840 374 1897 stultitiam
393 1842 517 1903 absolute
529 1848 652 1907 veritatis
663 1852 700 1908 sit
710 1852 905 1913 demonstratio
920 1867 944 1929 Β
957 1876 1108 1938 secretum,
1124 1871 1250 1932 humanis
1269 1882 1455 1942 contaminare
1471 1900 1497 1944 et
1511 1888 1671 1965 impugnare
1690 1896 1758 1953 doc·

93 1931 252 2002 proditura.
956 1958 1052 2029 trinis,
1079 1971 1108 2017 et
1130 1963 1189 2021 laec
1210 1969 1311 2027 audere
1328 1974 1426 2047 loqui:
1442 1977 1486 2046 Sl,
1508 1981 1614 2053 inquit,
1639 2001 1673 2043 ex
1701 1989 1758 2046 llco

135 2022 182 2080 16.
201 2022 588 2105 Filiusuteaipsolieoneqae
601 2036 708 2109 ipsequi
722 2036 807 2107 Pater,
824 2058 904 2114 neque
955 2060 997 2108 est
1016 2052 1117 2123 Filius,
1131 2055 1306 2119 demutabilis
1318 2076 1346 2121 et
1367 2082 1514 2141 corporeus
1535 2076 1605 2134 Dens
1629 2087 1689 2143 est,
1706 2082 1759 2152 ,qui

93 2116 904 2207 attae,aepceaatttto.-uirtstts,ostulttplqatetno-
954 2158 989 2202 ex
1010 2162 1040 2203 se
1055 2152 1200 2218 protuleris
1213 2156 1258 2213 vet
1280 2161 1450 2231 extendeus,
1466 2171 1537 2237 qood
1560 2174 1613 2229 stet
1633 2185 1708 2232 esset
1731 2179 1759 2234 tn

93 2206 143 2265 die
159 2208 346 2281 idemdicitis,
359 2216 509 2273 nescientes
523 2222 548 2274 iu
560 2220 644 2277 ileum
659 2237 772 2294 sapere,
788 2231 810 2283 sl
832 2231 903 2287 enim
955 2236 1056 2295 ltliuml
1071 2242 1141 2309 Quid
1163 2246 1295 2304 sollicitus
1309 2266 1354 2320 es,
1371 2270 1405 2311 ne
1418 2256 1591 2319 demutabilis
1609 2266 1680 2323 licus
1698 2269 1756 2325 sit?

95 2301 173 2373 quod
188 2320 220 2359 ee
234 2306 300 2375 ipse,
313 2316 339 2363 et
352 2309 423 2380 quod
439 2327 471 2367 eu
482 2322 564 2381 utero,
580 2323 607 2371 et
621 2317 692 2389 qued
704 2334 737 2375 ee
748 2316 828 2379 Peter
838 2325 904 2380 enini
953 2328 1011 2387 Nos
1030 2335 1197 2395 nativitatem
1210 2343 1385 2414 contuemur,
1402 2364 1451 2405 nos
1466 2354 1632 2426 unigenitum
1656 2362 1755 2431 praedi·

96 2406 121 2450 et
135 2397 205 2453 oeni.
223 2396 347 2466 Quaeres
364 2410 406 2468 te,
419 2401 470 2459 boc
483 2412 567 2463 tutum
587 2409 688 2467 dictum
710 2427 725 2469 a
743 2412 815 2484 lieo,
834 2431 904 2475 anne
954 2430 1309 2501 camusexbcodoctinu,
1323 2455 1357 2496 ue
1371 2444 1497 2501 nativitas
1511 2460 1633 2521 mancat,
1651 2469 1685 2510 ue
1696 2455 1757 2511 uni·

95 2505 152 2546 uorr
172 2491 274 2547 dictum
293 2494 345 2548 sill
358 2494 462 2553 [lictum
479 2499 572 2571 utique
594 2512 654 2559 est:
669 2514 697 2560 et
715 2521 826 2565 necesse
842 2518 903 2580 est,
954 2520 1062 2590 genitus
1077 2522 1147 2579 Deos
1165 2525 1191 2581 in
1208 2526 1338 2585 Ecclesiae
1352 2531 1406 2589 srde
1420 2536 1471 2602 sit,
1488 2547 1611 2597 naturam
1632 2544 1755 2603 indemu-

95 2597 160 2639 cum
174 2598 189 2637 a
203 2581 260 2640 [teo
275 2584 309 2641 dc
319 2601 350 2643 se
362 2586 464 2643 dictum
478 2590 527 2654 sit,
545 2608 599 2649 non
613 2594 692 2653 aliter
700 2596 904 2671 intelligendum
956 2612 1047 2669 rabilis
1060 2615 1105 2671 llei

1117 2633 1178 2687 quae
1188 2634 1239 2675 nec
1247 2624 1356 2679 extendi
1368 2640 1418 2682 nec
1428 2633 1553 2699 protendi
1565 2636 1650 2705 possit
1659 2637 1698 2712 (el
1708 2653 1759 2709 op-

95 2690 257 2750 essequam
273 2677 374 2735 dictum
395 2691 447 2737 est.
464 2682 503 2739 lle
516 2684 598 2742 dictis
618 2702 668 2745 suo
684 2688 762 2759 loco,
776 2692 904 2753 demons-
955 2708 1043 2777 panis.
1060 2709 1194 2768 discerem
1216 2714 1282 2784 tibi,
1304 2716 1398 2777 irrlelix
1417 2738 1509 2794 error,
1526 2728 1607 2784 etiam
1625 2747 1658 2787 er
1673 2733 1758 2792 rebus

98 2770 178 2825 tratis
188 2771 353 2843 singulorum
363 2789 533 2847 quorumque
543 2780 702 2850 virtutibus,
716 2786 902 2845 tractabimus.
954 2800 1048 2855 mundi
1065 2805 1241 2873 quarumdam
1257 2819 1414 2869 naturarum
1427 2832 1490 2887 que
1503 2819 1651 2890 gignuntur
1662 2841 1757 2883 exem-

98 2861 211 2917 lnterim
223 2873 311 2921 tamen
326 2867 539 2941 uuiuscujusque
557 2872 762 2947 intelligentiam
774 2882 902 2953 coarsulo,
953 2890 1027 2963 plum
1039 2934 1047 2961 ,
1061 2909 1097 2951 ue
1112 2898 1281 2957 nativitatem
1298 2909 1501 2973 protensionem
1516 2915 1707 2989 existimares,
1726 2938 1762 2980 nc

103 2954 170 3025 quid
180 2956 312 3013 existimet
325 2958 351 3015 in
365 2975 409 3028 eo,
424 2976 485 3017 cum
495 2962 595 3021 dictum
606 2967 640 3023 sit
653 2985 685 3025 ec
695 2971 904 3041 ipsorutrumue
955 2990 1124 3045 nescentium
1136 2996 1419 3057 naturasdetrimenta
1432 3005 1561 3065 crederes
1574 3026 1636 3069 esse
1647 3015 1762 3086 gignen-

104 3062 140 3103 ex
153 3048 236 3103 altero
251 3050 456 3123 intelligendum
473 3056 524 3123 sit,
539 3072 572 3113 an
589 3074 623 3117 ne
635 3076 667 3115 cx
678 3062 768 3135 nullo,
787 3080 820 3121 au
839 3082 904 3125 veru
955 3078 1038 3146 tium,
1054 3090 1082 3136 ut
1100 3084 1181 3139 ctiam
1202 3087 1285 3142 multa
1305 3091 1366 3147 sine
1385 3099 1521 3167 corporali
1538 3103 1705 3164 admixtione
1723 3124 1757 3166 ea

1615 3199 1668 3254 nist
1683 3201 1758 3259 nesus

1226 3271 1250 3342 l)
1265 3290 1319 3330 non
1334 3277 1498 3351 credidissc;
1513 3296 1539 3341 et
1554 3287 1640 3345 ultimi
1657 3291 1756 3353 luroris

1708 384 1761 445 ltu

1366 482 1506 544 Postremo
1523 493 1594 562 qnod
1614 494 1701 555 dixit:
1718 502 1762 559 Ee

1255 568 1327 643 (tot.
1343 592 1401 642 avt,
1417 577 1481 651 st),
1496 593 1586 643 utrum
1599 592 1761 665 ambiguita·

1245 679 1262 718 n
1278 665 1474 740 intelligeretur
1487 691 1541 733 non
1553 680 1664 741 alinrrdc
1677 704 1758 758 quam

1255 754 1326 814 Deus
1338 762 1400 816 est?
1413 764 1451 819 Ex
1465 766 1545 825 Patre
1558 774 1630 829 enim
1647 780 1759 849 exieus,

995 850 1046 905 que
1056 840 1138 897 alium
1150 847 1298 907 nativitatis
1316 851 1410 909 babuit
1428 867 1570 931 naturam,
1586 883 1674 939 usquc
1695 873 1760 928 nul·

101 3140 372 3210 ipseiiiccredendus
382 3147 482 3205 sitlldx
491 3149 578 3207 altero
590 3166 643 3209 nou
655 3164 716 3212 cst:
731 3158 793 3228 qula
803 3176 835 3215 ea
845 3162 902 3231 ipso
955 3170 1109 3229 viventibus
1119 3175 1147 3231 iu
1160 3179 1284 3236 viventes
1294 3182 1398 3241 animas
1408 3188 1600 3261 gignerentur:

96 3244 151 3297 est,
162 3234 189 3290 id
200 3248 241 3291 est
252 3236 336 3311 (itaut
346 3237 423 3313 neu),
437 3256 471 3299 ue
480 3242 599 3313 alirrnde,
611 3258 796 3321 praeterquam
806 3266 838 3308 ex
850 3252 906 3311 Deo
920 3256 941 3317 C
958 3272 1046 3331 esset,
1060 3265 1115 3321 beo
1127 3267 1162 3325 de
1171 3270 1225 3345 se(

94 3327 172 3383 Deus
186 3331 230 3387 sit.
247 3332 284 3386 Es
297 3332 381 3391 nihilo
392 3349 445 3389 non
456 3342 498 3392 est
510 3354 516 3391 :
529 3338 590 3409 quia
605 3355 635 3393 ea
647 3340 706 3411 ipsa
717 3355 773 3411 est;
789 3343 903 3401 demon-
953 3358 1061 3414 vesania

1070 3358 1253 3433 iudicaretur,
1267 3369 1389 3428 adimere
1404 3378 1590 3437 auctoritatem
1604 3383 1639 3441 ad
1657 3386 1755 3459 lldem,

98 3430 207 3479 stratur
220 3425 290 3481 enim
306 3438 399 3485 natura
415 3428 487 3486 unde
498 3432 624 3489 nativitas
637 3445 687 3490 est.
704 3434 765 3507 lpse
776 3452 827 3493 uon
839 3449 899 3498 est:
952 3449 997 3505 cui
1012 3453 1215 3513 venerationem
1234 3460 1388 3529 profitearis
1403 3466 1437 3522 ad
1451 3471 1544 3527 situm.
1561 3474 1590 3530 Si
1609 3478 1681 3533 enirn
1702 3497 1757 3538 non

94 3514 161 3583 quia
178 3515 224 3571 ubi
239 3533 271 3571 ca
283 3518 338 3589 ipso
351 3528 411 3587 est,
428 3524 554 3578 nativitas
569 3524 618 3580 lilii
637 3526 752 3587 refertur
766 3546 798 3587 cx
813 3540 900 3603 petre.
952 3543 1003 3599 uisi
1024 3560 1072 3617 per
1086 3561 1148 3603 eum
1164 3550 1217 3605 vita
1234 3561 1290 3621 est,
1306 3560 1443 3627 quomedo
1459 3578 1513 3619 non
1536 3580 1584 3634 per
1601 3582 1664 3626 eum
1684 3571 1755 3631 ildes

93 3606 202 3665 Deinde
218 3624 279 3665 cum
296 3612 461 3683 signillcetur
476 3634 508 3673 eu
524 3627 612 3687 utero,
626 3620 764 3694 interrogo
778 3640 813 3681 an
827 3628 901 3683 credi
952 3636 1015 3691 ritae
1034 3640 1096 3695 estl
1109 3642 1189 3699 Fides
1201 3655 1292 3703 autem
1315 3650 1377 3706 vitae
1394 3656 1531 3723 quomado
1548 3661 1574 3714 iu
1588 3671 1690 3733 coest,
1709 3668 1756 3737 qui

93 3703 186 3773 possit
198 3719 262 3761 esse
280 3715 360 3763 natus
378 3722 411 3765 ex
432 3709 535 3777 nihile,
550 3726 610 3769 cum
636 3716 784 3775 nativitatis
801 3721 902 3777 veritas
952 3728 1003 3783 sibi
1017 3730 1051 3786 de
1063 3746 1094 3788 se
1107 3736 1183 3791 testis
1194 3736 1311 3797 inddelis
1323 3742 1473 3802 babeaturl

92 3812 146 3869 per
156 3802 335 3874 corporalium
348 3803 553 3865 efficieruinrum
566 3811 675 3867 nomina
684 3815 832 3871 reveletur?
842 3815 900 3871 Nou
990 3822 1069 3896 145
1083 3826 1125 3883 ts.
1142 3828 1206 3884 Filii
1220 3836 1424 3905 nuncupationes
1437 3840 1481 3909 qui
1494 3844 1526 3897 ab
1539 3843 1667 3903 hereticis
1682 3851 1760 3909 intel·

92 3894 171 3950 enim
194 3897 323 3954 membris
343 3901 532 3969 corporalibus
552 3905 705 3962 consistens
727 3904 817 3973 Deus,
839 3924 900 3965 cum
952 3916 1208 3991 lecte.—Usurpas
1222 3924 1310 3992 enlm,
1328 3928 1488 3998 impiissime
1503 3936 1645 4009 haeretice,
1661 3943 1758 3999 stativi-

90 3990 300 4061 generatieuem
318 3992 398 4067 m
410 3994 470 4052 Filii
485 3996 525 4070 (d)
538 4008 773 4069 commemoraret,
789 4004 828 4057 ιιι
840 4018 846 4057 :
859 4000 903 4059 Ee
953 4016 1035 4066 tatem
1051 4010 1112 4069 Filii
1126 4014 1159 4069 ad
1172 4018 1322 4075 creationis
1337 4022 1523 4094 voluntatem3
1540 4038 1637 4088 utnon
1652 4050 1685 4091 ea
1702 4038 1757 4096 [leo

91 4094 172 4139 atero
186 4094 246 4140 ante
266 4084 402 4159 luciferum
417 4092 494 4160 genui
516 4102 542 4147 te
554 4091 614 4163 (Pe.
635 4110 695 4162 clx,
708 4095 757 4168 5);
774 4097 822 4153 sed
844 4098 903 4153 iue-
952 4110 1033 4160 natus
1048 4107 1101 4172 sit,
1116 4108 1163 4163 sed
1177 4110 1288 4168 soleute
1303 4128 1337 4169 eo
1356 4118 1402 4187 qui
1422 4122 1542 4192 creavit,
1565 4142 1598 4183 ex
1618 4134 1756 4191 creatione

91 4176 263 4233 narrabilem
278 4178 350 4235 illam
366 4182 498 4255 unigeniti
512 4200 545 4240 ex
566 4202 596 4242 se
615 4186 660 4243 lilii
681 4189 847 4245 nativitatem
865 4206 899 4246 ex
952 4196 1113 4255 substiterit.
1127 4200 1163 4257 Et
1175 4210 1263 4261 ιιιιιιιι
1278 4204 1381 4265 idcirce
1393 4226 1447 4267 non
1462 4214 1533 4273 [leus
1545 4229 1605 4287 est,
1621 4224 1684 4293 quia
1697 4241 1755 4282 ma-

94 4274 252 4331 divinitatis
271 4279 454 4337 austeritate
471 4282 651 4352 consumans,
666 4284 699 4341 ad
718 4286 901 4359 intelligentiae
953 4300 1036 4346 neme
1048 4290 1105 4347 ileo
1116 4309 1179 4361 uuo,
1191 4312 1244 4355 non
1256 4308 1346 4357 teneat
1357 4300 1443 4359 Filius
1453 4306 1565 4379 originis
1574 4327 1631 4368 suae
1643 4314 1670 4370 iu
1681 4319 1754 4374 nati·

89 4364 179 4423 fidem
193 4368 299 4427 locutus
310 4379 366 4438 est;
379 4382 407 4428 ut
417 4371 452 4430 de
464 4374 562 4431 divinis
574 4376 631 4433 suis
641 4377 739 4447 rebus,
752 4380 900 4436 secuudum
950 4382 1034 4439 vitate
1044 4392 1186 4454 naturam;
1201 4390 1250 4445 sed
1264 4391 1292 4449 in
1304 4394 1487 4453 substantiam
1501 4400 1615 4460 alteram
1632 4406 1671 4482 (p)
1685 4426 1752 4467 con-

89 4461 244 4518 bumanam
258 4472 397 4533 naturam,
413 4468 537 4525 immane
549 4480 651 4527 naturae
666 4486 775 4529 sensum
789 4475 821 4529 ιιι
838 4474 900 4532 utet
952 4475 1031 4545 ditio,
1045 4479 1103 4549 ipsc
1118 4489 1254 4552 tamquam
1267 4487 1422 4558 unigenitus
1434 4495 1634 4557 conditionibus
1654 4512 1681 4558 et
1699 4504 1756 4563 iac·

89 4554 240 4611 scientiam
256 4556 394 4615 erudiret:
409 4568 442 4615 ιιι
462 4577 522 4618 cum
538 4562 575 4619 ait
593 4580 625 4621 ec
639 4574 726 4633 utero,
745 4582 797 4623 uon
813 4582 846 4624 cx
861 4567 901 4624 ni·
952 4571 1021 4625 turis
1034 4571 1142 4629 caeteris
1155 4577 1330 4647 praestantior
1343 4582 1395 4639 sit:
1416 4586 1580 4649 substitutus
1600 4604 1708 4667 umen,
1723 4608 1754 4657 ut

89 4648 152 4706 ltilo
166 4651 270 4707 creatio
284 4652 451 4729 substitisse,
466 4655 514 4713 sed
529 4672 561 4715 er
575 4674 605 4715 ee
617 4659 754 4732 Unigeniti
767 4662 809 4718 sui
821 4672 898 4719 natu·
910 4651 937 4712 Ι)
949 4668 1095 4727 creationis
1106 4670 1218 4729 indultae
1227 4672 1267 4746 (la)
1277 4675 1328 4731 sibl
1339 4676 1439 4737 babeat
1448 4684 1684 4761 substitutionem,
1698 4712 1754 4753 nort

90 4798 131 4857 ὡς
154 4795 287 4867 apaeatrla
306 4797 461 4865 ἀπιτιιιωι,
484 4802 621 4873 quomodo
644 4804 775 4862 Hilarium
800 4808 901 4879 legisse
952 4828 1120 4879 mquaraur:
1142 4826 1341 4876 consentaneum
1362 4832 1463 4894 tamen,
1487 4842 1517 4885 ut
1536 4835 1709 4910 sciscitemur,
1730 4850 1756 4899 et

93 4864 187 4931 liquet
201 4882 235 4920 ιιι
248 4867 331 4935 ipsius
341 4872 519 4937 exprositione.
951 4886 1093 4941 rationibus
1112 4890 1304 4947 concinnemus.
1319 4892 1443 4952 Forsitan
1457 4902 1497 4956 uei
1511 4919 1540 4959 co
1553 4909 1630 4964 modo
1644 4912 1679 4966 od
1696 4932 1755 4970 sen·

132 4935 174 5005 (a)
196 4934 286 4999 Editi.
303 4941 439 5008 prudentie
450 4960 460 4997 :
473 4944 640 5015 castigantur
653 4962 686 5003 et
701 4949 817 5017 scriptis.
950 4970 1009 5009 sum
1023 4958 1133 5028 aliquem
1142 4961 1255 5042 'pedari
1269 4972 1398 5032 poterunt.

132 5005 172 5083 (ι)
193 5007 242 5062 lis.
258 5008 337 5065 tarn.
351 5013 427 5068 crede
447 5024 485 5071 at.
502 5016 569 5083 alit,
586 5034 661 5084 spero
683 5029 720 5075 ut.
733 5022 768 5076 ιιι
788 5024 897 5093 excusi,
988 5027 1025 5099 (c)
1047 5028 1105 5097 lin,
1117 5027 1192 5101 Lapa.
1203 5041 1232 5088 et
1244 5033 1320 5105 Pan,
1334 5040 1396 5109 quin
1410 5052 1434 5099 st
1449 5045 1524 5101 bodie
1538 5063 1548 5103 .·
1564 5051 1641 5108 nullo
1655 5054 1754 5112 saldra·

88 5096 174 5146 spero
187 5080 266 5143 quod.
283 5082 338 5139 lloc
356 5085 382 5139 in
399 5085 458 5141 loco
478 5088 566 5158 prodit
588 5089 719 5157 Hilarius,
732 5108 786 5175 quo
808 5096 898 5152 auium
950 5108 1032 5170 gente
1046 5115 1097 5155 ms.

89 5159 156 5208 erat
171 5150 283 5207 allectus
298 5169 358 5227 erga
376 5157 439 5222 eos,
455 5160 499 5227 qui
521 5160 670 5231 ignorantia
685 5175 712 5216 et
728 5165 898 5234 srrrrplicitate
986 5170 1029 5241 (d)
1047 5170 1110 5229 Par.
1122 5165 1185 5231 cunt
1201 5178 1354 5251 antiquiore
1364 5200 1416 5241 ms.
1428 5186 1505 5247 Colb.
1519 5199 1547 5247 et
1558 5191 1649 5252 Germ.
1662 5239 1670 5266 ,
1682 5214 1752 5253 eettt·

90 5222 164 5279 Ario
175 5221 319 5287 latebant,
336 5228 373 5283 uti
384 5227 439 5296 jam
456 5228 585 5285 adversus
597 5232 699 5289 Erasmi
716 5238 834 5306 argutias
849 5238 898 5293 nlt-
948 5255 1122 5299 enumerasset.

89 5304 237 5351 servatum
256 5305 294 5349 ost
315 5297 339 5353 iu
362 5298 524 5369 protelandi.
540 5302 614 5359 llaud
638 5305 715 5360 aliter
733 5306 898 5365 Athanasius
996 5314 1022 5379 el
1041 5314 1101 5369 tat.
1112 5317 1172 5373 bas.
1187 5336 1255 5389 ms,
1272 5328 1380 5396 exponis
1392 5344 1401 5383 .·
1414 5331 1505 5387 miuus
1518 5332 1596 5389 bene.

89 5366 143 5422 Or.
165 5380 185 5421 tr
205 5366 355 5435 corinun,
378 5386 404 5441 p.
422 5372 492 5440 ait,
512 5390 595 5445 egeus
613 5374 647 5430 de
670 5376 705 5431 iis
723 5379 766 5447 qui
786 5378 897 5435 sobolem
998 5384 1027 5457 l)
1048 5386 1120 5453 Lips.
1137 5389 1181 5447 liic
1194 5392 1294 5464 adiecit
1308 5404 1431 5458 testanti:
1444 5404 1515 5474 quod
1537 5404 1643 5461 abesto
1666 5408 1750 5479 Bad,

88 5437 235 5509 mondum
248 5437 390 5497 substantioe
402 5442 492 5500 Patris
515 5457 609 5517 neqent
620 5488 626 5511 ,
639 5450 714 5512 qrrasi
734 5449 761 5503 id
782 5452 838 5515 pieri
854 5468 898 5507 ne·
949 5454 997 5510 Er.
1010 5466 1037 5510 et
1049 5458 1185 5533 plerisque
1199 5480 1266 5522 mss.

88 5516 193 5576 quem,
209 5506 259 5560 nisi
280 5521 361 5577 partes
374 5516 550 5584 intelliqcntar
561 5534 571 5573 .·
583 5518 627 5588 qai
637 5518 669 5573 dc
682 5518 833 5591 incorporee
844 5540 898 5578 cor·
986 5525 1025 5600 (q)
1042 5528 1127 5597 Editi,
1140 5536 1272 5593 conditur:
1283 5540 1460 5601 renitentibus
1470 5546 1598 5601 omnibus
1609 5564 1674 5604 mss.
1685 5552 1753 5609 Seu·

90 5594 178 5651 porea
193 5578 322 5647 cogitent,
341 5594 364 5637 et
379 5585 410 5640 ob
431 5574 628 5645 imbecillimum
650 5600 750 5645 naturae
764 5608 818 5646 suae
835 5594 895 5649 ‹rdi-
949 5612 996 5654 sus
1012 5614 1092 5667 trorro
1105 5616 1161 5665 est,
1176 5606 1287 5676 Tecum,
1303 5612 1353 5664 lroc
1366 5624 1424 5681 est,
1440 5618 1465 5670 in
1480 5626 1523 5671 tua
1537 5621 1688 5692 sententia,
1703 5625 1752 5682 itt·

88 5656 174 5704 ‚arant
189 5644 262 5701 Filio
275 5654 450 5721 proprietatem
463 5670 576 5729 paternoe
590 5660 755 5723 srrbstuutitc,
772 5668 835 5718 dum
850 5682 893 5719 so·
951 5670 1001 5725 bue
1015 5687 1067 5724 non
1079 5682 1116 5726 est
1130 5673 1216 5739 bees.
1232 5682 1278 5733 scd
1291 5681 1422 5739 cotiditio:
1436 5688 1481 5744 ubi
1497 5690 1624 5747 advertas
1637 5699 1753 5763 particu-

88 5720 183 5775 pptem
196 5714 284 5772 Putris
296 5725 366 5780 stulti
385 5744 416 5783 aa
426 5746 453 5782 ee
463 5732 599 5787 metiuntur
612 5728 771 5801 :Craterum
793 5734 894 5806 inquit,
950 5742 1003 5797 lant
1018 5758 1077 5795 casn
1091 5743 1135 5799 bic
1150 5756 1178 5800 ut
1192 5750 1254 5803 alibi
1269 5766 1317 5819 pro
1331 5756 1473 5813 recaredum
1486 5759 1582 5825 accipi.

88 5790 162 5845 istos
178 5788 216 5842 ad
229 5789 302 5845 istum
311 5797 414 5853 niodum
424 5800 545 5869 affectos,
563 5818 745 5873 persecutosque
758 5821 808 5859 uon
822 5824 896 5877 posse
987 5811 1027 5885 lb)
1043 5815 1129 5897 Abest
1141 5818 1217 5871 tibin
1233 5835 1284 5902 ms.
1299 5822 1365 5902 bas.
1382 5822 1446 5884 Vat.
1464 5831 1582 5888 Verbum
1602 5834 1755 5921 substituere

87 5877 151 5922 esse
164 5858 252 5929 filiunt
263 5860 325 5932 Del,
336 5884 437 5938 acquam
448 5874 593 5945 quidenatst
603 5883 631 5932 tat
643 5874 819 5934 misericordie
832 5896 894 5951 pso·
949 5884 1058 5943 adenis
1079 5895 1207 5944 usitatum
1216 5890 1368 5963 colligamus
1388 5911 1421 5953 es
1450 5902 1591 5969 Faustino,
1603 5916 1663 5975 cap.
1676 5920 1696 5975 ι,
1712 5908 1757 5966 ultr

325 5963 463 6029 Parnoi..
480 5968 522 6031 X.
1171 6032 1182 6043 -
1452 5998 1473 6061 e
