4017 6317
71 286 120 343 tat
579 291 695 353 senato
710 296 756 355 bt
773 295 1006 363 ubutctttuttt’
1025 304 1217 369 tcctbstm.
1673 324 1729 384 882

71 422 122 479 gna
138 422 251 481 quoque
265 418 341 467 crant
355 409 538 481 imputribilia,
555 414 680 485 equibus
695 422 722 471 et
732 414 871 475 'Taberna-
882 420 910 482 A
922 434 971 492 per
983 422 1143 485 charitatem
1158 439 1315 502 operantur,
1334 434 1454 493 eoeloetis
1469 436 1532 495 ritae
1553 442 1664 511 praemia
1677 458 1726 501 ιχ.

70 498 165 555 culum
181 515 265 557 omne
279 500 387 570 lactum,
402 515 429 559 et
442 502 583 577 Templum
605 508 677 565 intus
690 518 825 581 ornatum,
841 525 873 568 ac
922 520 1039 599 pectant.
1056 516 1090 573 Et
1108 520 1176 576 bene
1191 522 1330 595 longitudo
1345 541 1382 583 ιι
1396 526 1551 587 cubitorum
1566 540 1620 588 est.
1636 533 1726 593 Sena-

70 590 191 663 desuper
207 604 307 651 tectum
329 595 456 667 fulgebat.
473 597 575 655 Aurum
596 603 678 659 etiarn
698 602 731 659 de
745 603 872 661 thesauro
922 601 964 658 rin
976 607 1077 663 etenim
1092 626 1206 670 nurnero
1220 614 1352 673 boninum
1372 635 1485 689 operum
1507 623 1576 680 solet
1595 628 1728 696 porrectio

71 687 145 744 bono
158 690 294 759 optimum
307 690 493 763 proterebant,
506 692 540 750 de
555 710 608 763 quo
624 697 742 766 parietas
752 698 825 754 intus
846 706 874 755 et
921 694 1068 769 designari,
1093 704 1157 772 quia
1170 707 1252 762 etiam
1278 708 1348 765 bens
1360 726 1407 767 ser
1423 712 1520 769 dicbus
1534 715 1630 773 rutundi
1644 734 1728 775 urria-

71 781 140 838 loris
163 784 265 852 uestiti,
290 783 395 855 Templi
421 803 475 843 nnn
497 798 599 845 tanturn
624 792 758 860 parietes,
778 808 871 849 aerium
923 799 1044 846 ntetttum
1068 792 1147 862 lectra
1162 807 1191 854 et
1202 813 1251 857 sex
1265 812 1328 857 suut
1348 803 1430 873 hujus
1450 808 1542 867 secati
1564 819 1680 878 arata,
1697 813 1725 870 in

70 876 154 932 etiarn
170 878 317 949 laquearia,
333 880 432 946 trabes,
453 883 534 949 ostia,
558 892 661 953 postes,
676 898 702 941 et
719 888 871 955 pavimenta
922 884 1021 954 quibus
1042 900 1135 952 salicta
1151 889 1270 949 Ecclesia
1288 912 1337 967 pro
1350 907 1453 955 artcma
1475 904 1569 973 requie
1590 906 1642 974 piis
1655 900 1735 964 acti-⁰

70 978 153 1026 erant
177 972 316 1043 conperta.
344 972 396 1030 Sed
421 986 447 1031 et
462 990 537 1045 rasa,
559 978 601 1034 rel
626 978 751 1035 utensilia
775 979 873 1037 darnas
924 974 973 1031 bus
989 978 1082 1035 indat.
1099 980 1173 1039 Berre
1188 1000 1225 1039 xx
1241 992 1398 1046 suntcubiti
1419 993 1580 1066 latitudinis,
1596 1000 1658 1067 qnia
1679 1017 1727 1069 ge-

70 1062 328 1131 utriusquecuncta
343 1080 536 1138 peueabtttut,
562 1086 650 1141 ireque
675 1072 743 1133 lttec,
767 1073 818 1129 alsi
839 1075 874 1132 de
923 1070 1027 1125 mittunt
1043 1080 1086 1128 cst
1099 1087 1266 1144 praeecptnm
1283 1078 1432 1152 chariratis,
1454 1091 1582 1157 quonlam
1603 1090 1728 1150 Ecclesia

69 1170 138 1212 auru
152 1159 306 1229 puri-simo,
319 1158 379 1216 deri
390 1161 498 1219 licebat.
512 1162 629 1221 Fructus
641 1168 720 1221 etiarn
733 1168 871 1236 arborum,
923 1161 951 1217 iu
966 1164 1139 1223 tribulatione
1149 1168 1289 1235 dilatatur,
1298 1189 1359 1229 aum
1374 1177 1509 1247 perlectus
1519 1183 1633 1255 quisque
1645 1187 1727 1243 eriam

68 1250 116 1321 qui
139 1251 167 1305 in
186 1251 268 1307 domo
283 1252 387 1310 bomini
402 1254 597 1321 offerebantur,
624 1260 761 1328 purissimi
777 1269 805 1317 et
822 1276 871 1317 en·

67 1344 163 1415 quisiti
177 1360 239 1403 esse
256 1344 431 1418 jubebantur.
449 1348 507 1407 illac
521 1361 573 1419 est,
595 1344 674 1419 llinis,
689 1351 784 1421 orna,
797 1353 871 1409 Tlru·

66 1436 119 1503 ris,
134 1435 261 1509 llyrrltae,
274 1438 318 1496 rel
332 1438 441 1507 Stratis,
458 1450 487 1498 et
509 1453 669 1498 caeterarum
694 1443 847 1515 hujusmodi
864 1463 870 1501 :

922 1257 1092 1315 conrlitnreur
1108 1274 1140 1317 ex
1157 1268 1214 1317 toto
1236 1266 1331 1333 corde,
1348 1276 1403 1322 tota
1419 1273 1522 1342 anirrra,
1544 1285 1599 1331 tota
1614 1279 1726 1346 virtute,

923 1357 951 1404 et
964 1352 1115 1420 proximum
1132 1365 1258 1426 tanquam
1268 1372 1299 1413 se
1312 1358 1401 1430 lpum
1416 1362 1530 1436 diligere
1542 1366 1634 1424 debet.
1654 1371 1728 1431 Rene

925 1456 979 1499 ιιι
994 1444 1021 1499 in
1033 1446 1176 1506 altitudine
1191 1458 1255 1506 ιιιι
1269 1452 1363 1515 cubiti.
1380 1457 1443 1527 quia
1459 1459 1549 1516 omnis
1572 1461 1728 1521 Electorum

65 1544 131 1601 quar
159 1528 287 1589 videlieet
304 1542 402 1591 onrrcta
431 1536 591 1604 spiritaliter
616 1537 751 1595 intellecta
779 1554 871 1597 reram
923 1547 986 1605 spes
1001 1536 1034 1592 ad
1047 1536 1178 1597 visionem
1201 1554 1304 1600 sanctae
1318 1545 1469 1614 Trinitatis,
1495 1562 1625 1623 quantum
1643 1558 1728 1627 ualet,

64 1632 171 1680 nostra
182 1622 257 1683 Fidei
282 1636 309 1683 et
322 1628 487 1699 operationis
499 1630 683 1687 sinceritatem
700 1631 870 1688 denuntiant.
923 1640 954 1683 tt
978 1631 1133 1688 exercendo
1158 1642 1187 1689 et
1220 1635 1390 1705 parilicando
1412 1654 1549 1713 properat.
1575 1645 1728 1705 Notandum

64 1716 300 1790 Domuqnamqug
313 1733 438 1795 [1112un
454 1722 621 1787 affligimus,
638 1724 807 1785 universalis
822 1726 872 1785 Ec.
923 1730 1055 1787 dbltdesl,
1070 1723 1142 1793 quod
1156 1740 1208 1783 ΧΠ
1232 1727 1317 1785 cubili
1339 1731 1491 1789 altitudiuls
1505 1748 1560 1791 nuo
1584 1752 1671 1809 iisque
1693 1738 1728 1796 dd

63 1810 159 1867 elesius
187 1812 298 1885 liguram
332 1824 534 1885 praemonstrat.
568 1816 661 1891 Neque
688 1821 867 1890 incongruum
882 1811 907 1875 B
921 1826 1078 1883 willemum
1094 1818 1186 1888 templi
1201 1818 1349 1893 fastigium,
1371 1825 1419 1883 sed
1435 1841 1520 1899 usque
1539 1827 1737 1903 ablaqueata

63 1905 130 1976 quis
148 1906 303 1975 arbitretur,
327 1908 399 1980 quod
424 1910 485 1967 duae
510 1918 574 1968 sunt
592 1910 689 1969 dumus
715 1914 821 1970 bomini
842 1914 869 1971 iu
923 1908 1016 1977 templi
1029 1910 1219 1980 pertinebant,
1231 1914 1332 1973 deinde
1344 1918 1379 1974 bd
1393 1919 1529 1993 laquearia
1541 1924 1622 1981 medii
1640 1927 1729 1984 taber·

62 2002 199 2073 rnyaerio
220 2000 307 2071 lacte,
321 2018 383 2061 curn
398 2021 480 2062 anain
495 2004 596 2063 Christi
609 2008 718 2065 domum
738 2024 800 2067 esse
819 2009 871 2067 lic-

62 2094 179 2151 clesiam
194 2094 283 2153 nullus
295 2096 381 2154 lldelis
392 2101 522 2171 onningun.
534 2101 598 2157 bum
612 2104 713 2160 eterrim
727 2112 792 2161 sunt
804 2120 870 2161 con·

62 2186 133 2243 dite
146 2187 243 2243 donnus
266 2188 301 2246 ob
322 2190 548 2264 significationem
564 2194 707 2267 utriusque
729 2196 821 2267 populi
842 2198 870 2253 in

62 2280 192 2336 eamdent
207 2278 302 2337 Fidem
317 2282 434 2347 verituri.
448 2281 535 2341 ludaei
550 2287 655 2343 scilicet
680 2297 761 2359 atque
780 2290 870 2361 genti·

61 2372 113 2429 lis.
131 2371 208 2429 Unde
223 2374 292 2431 beno
303 2373 518 2433 Tolrernaoulum
532 2379 590 2435 sola
606 2380 682 2449 plebs
695 2378 788 2437 lndaea
804 2395 871 2439 con·

62 2465 137 2523 didit
150 2468 177 2523 in
193 2482 296 2523 cretus.
313 2466 418 2542 Templi
439 2478 529 2527 autent
545 2481 708 2529 structuram
725 2472 869 2548 Proselyti,

62 2570 94 2618 et
113 2560 226 2617 aduenae
240 2561 274 2619 de
289 2560 423 2620 Gentibus
447 2574 580 2636 quotquot
595 2568 621 2623 in
636 2570 736 2639 populo
756 2576 820 2625 tarne
830 2569 870 2626 in·

62 2655 154 2711 verrini
178 2662 313 2727 poterant,
330 2656 429 2713 detrita
456 2657 507 2715 lide
530 2662 744 2732 aorrrplaaerunt.
767 2662 821 2720 Sed
845 2669 873 2719 et

61 2748 126 2805 Rex
143 2749 359 2820 potentissimus,
373 2749 439 2822 Tyri
453 2752 631 2810 conductusa
647 2754 792 2811 Salrrmone
801 2770 873 2811 conr·

63 2840 187 2898 modetia
210 2842 371 2910 artillcibus,
399 2852 426 2900 et
452 2846 531 2915 lignis
557 2846 760 2917 gratantissime
783 2847 870 2917 iuvit,

64 2936 133 3007 quia
148 2936 277 2993 nimirum
292 2944 356 2993 ante
378 2936 593 2997 incarnationem
608 2940 775 2997 Domintcarn
796 2950 872 2998 notar

922 1998 1011 2054 uaeuli
1028 2000 1074 2057 alii
1090 2018 1145 2059 ιιι
1158 2006 1242 2063 cubiti
1262 2009 1416 2067 altitudinis
1430 2015 1620 2087 assurgebant.
1642 2016 1729 2076 Porro

923 2098 1062 2149 terrenum
1076 2099 1258 2166 caenaculum,
1278 2100 1351 2171 quod
1377 2116 1530 2174 supererat,
1556 2122 1589 2164 ιι
1610 2107 1728 2166 babebat

923 2183 950 2238 in
965 2183 1148 2255 latitudinem,
1164 2204 1196 2247 aa
1218 2191 1258 2248 sic
1271 2194 1359 2249 omrris
1376 2195 1493 2252 altitudo
1507 2196 1604 2255 domus
1625 2200 1653 2256 in
1675 2216 1728 2259 axx

923 2276 1023 2334 cubitis
1045 2290 1104 2337 erat
1117 2291 1237 2341 extenta.
1253 2285 1333 2343 Prior
1347 2288 1429 2361 igitur
1442 2290 1540 2347 domus
1553 2309 1608 2350 ιιι
1627 2294 1728 2351 cubitis

922 2368 951 2425 in
965 2372 1108 2431 altitudine
1121 2377 1219 2447 surgit,
1233 2381 1295 2449 quia
1311 2394 1431 2451 praesens
1446 2382 1567 2441 Ecclesia
1579 2388 1613 2441 ad
1631 2386 1728 2443 niden-

923 2458 985 2517 darn
1002 2467 1120 2534 speciem
1142 2467 1248 2524 saraa
1262 2468 1403 2528 Trinitatis
1419 2483 1474 2529 tota
1497 2476 1649 2534 intentione
1665 2493 1729 2535 sus·

924 2558 1062 2627 penditur.
1077 2558 1207 2632 Superior
1219 2563 1318 2621 dornrrs
1332 2582 1384 2622 ιιι
1399 2584 1477 2639 aeque
1490 2571 1591 2629 cubitis
1606 2588 1637 2629 se
1649 2574 1675 2628 in
1687 2574 1729 2629 al·

925 2658 980 2706 turn
996 2652 1103 2720 attollit,
1119 2655 1182 2728 qnia
1197 2656 1295 2713 sulutae
1309 2661 1469 2730 corporibus
1483 2664 1582 2719 animae
1593 2668 1729 2736 perlecto·

923 2758 983 2798 rum
994 2759 1079 2817 usque
1090 2747 1123 2802 ad
1135 2747 1207 2805 dieat
1222 2750 1386 2809 universalis
1395 2750 1495 2810 ludia-it
1504 2755 1627 2826 ejusdem
1641 2756 1729 2813 beatas

924 2844 952 2893 et
978 2837 1126 2895 individuae
1150 2840 1293 2899 Trinitatis
1318 2847 1447 2916 praesenti
1464 2847 1570 2904 risione
1594 2851 1727 2905 truantur.

923 2932 1055 3003 Suprema
1070 2936 1168 2995 domus
1181 2939 1223 2996 bis
1236 2942 1345 2996 tricenis
1359 2942 1412 2997 alar
1426 2954 1469 2998 est
1483 2944 1594 3013 cubitis,
1612 2947 1675 3017 quia
1685 2956 1730 3002 re·

65 3042 125 3086 erut
142 3040 246 3088 tacitum
261 3032 289 3087 r'a
301 3030 397 3089 Jadoerr
411 3032 492 3091 brar.
509 3037 544 3091 Αι
558 3044 700 3106 piissimam
718 3036 764 3093 itta
785 3035 814 3092 in
828 3050 871 3101 ea,
924 3030 1046 3084 suscitati
1060 3044 1076 3084 a
1091 3034 1205 3086 mortuis
1215 3048 1311 3087 ornnes
1326 3033 1406 3089 electi
1416 3036 1646 3106 crantenrplatione
1656 3036 1730 3107 ejus-

65 3140 123 3198 qua
138 3133 229 3195 natus,
251 3133 280 3183 et
294 3140 391 3199 passus
405 3136 457 3194 est,
473 3142 556 3186 carne
572 3129 747 3187 resuscitatus
764 3146 780 3187 a
801 3146 874 3187 apros.
923 3118 986 3178 dem
1009 3124 1051 3179 sui
1066 3124 1227 3193 conditoria,
1243 3127 1290 3198 qui
1309 3127 1336 3181 in
1360 3125 1446 3184 tribus
1466 3128 1589 3201 personis
1605 3143 1673 3184 unus
1688 3138 1731 3185 est

67 3219 136 3301 tuis,
148 3228 177 3276 et
191 3220 325 3276 exaltatus
334 3233 376 3277 est
388 3236 471 3295 super
481 3224 566 3279 curlus
580 3222 661 3293 Deus,
670 3239 753 3294 snper
764 3240 872 3281 araurem
886 3210 909 3276 C
928 3214 1009 3286 Deus,
1026 3228 1127 3275 aterna
1142 3220 1254 3291 spiritus
1268 3221 1370 3293 siraul„
1379 3231 1409 3278 et
1421 3222 1512 3278 carnis
1526 3221 1730 3279 immortalitate

64 3314 202 3370 continuo
218 3324 318 3371 terram
333 3316 450 3372 nominis
463 3317 522 3387 eius
539 3318 625 3389 gloria
648 3317 770 3386 refulsit,
786 3320 874 3377 orbis·
924 3311 1090 3383 gaudebunt.
1116 3310 1217 3369 Factus
1237 3325 1279 3370 est
1294 3314 1401 3370 medius
1416 3315 1505 3386 paries
1520 3314 1547 3371 in
1572 3314 1676 3387 templo
1695 3314 1731 3371 de

66 3422 124 3479 qne
145 3414 288 3466 urrtrersus
299 3409 332 3465 ad
346 3408 555 3467 adiboationenr
573 3411 669 3467 drimus
689 3412 763 3468 illius
777 3427 872 3489 accur·
925 3406 1024 3465 tabulis
1036 3408 1156 3465 cedrinis
1169 3424 1204 3465 xx
1216 3408 1370 3466 cubitorum
1382 3408 1544 3476 altitudinis,
1558 3411 1604 3480 qui
1619 3408 1728 3466 diride-

65 3503 117 3563 rit.
135 3512 164 3559 et
177 3504 283 3574 aceepit
304 3502 339 3559 ab
353 3518 386 3560 eo
402 3504 607 3573 promissionem
631 3504 763 3561 donorum
777 3508 874 3564 caeles-

67 3596 150 3653 tium.
163 3594 336 3668 Narratergo
347 3595 497 3668 Scriptura,
508 3598 568 3668 quia
585 3598 713 3670 praecepit
727 3599 781 3655 llex
797 3596 875 3657 Salo·

65 3706 148 3757 nturi,
164 3699 192 3745 at
206 3690 323 3745 tollerent
337 3690 437 3762 lapidea
446 3691 558 3765 qrarrdrr
572 3692 599 3746 in
614 3690 788 3764 fundamentis
798 3690 874 3747 Tent-

66 3784 121 3856 pli,
134 3792 158 3838 et
168 3782 324 3854 quadrarent
333 3799 385 3838 ror.
396 3780 512 3855 Lapides
523 3792 611 3839 autern
623 3784 740 3855 grandes
751 3784 873 3857 pretiosi,

66 3879 117 3949 qni
129 3878 155 3933 ln
163 3876 337 3933 laudamento
345 3876 426 3933 locati
434 3885 520 3933 toturn
530 3875 711 3948 onrtsTernpli
719 3879 874 3949 sibisnper·

68 3972 191 4042 positum
200 3979 318 4041 portant,
327 3970 441 4026 eximios
449 3968 686 4025 sanctaaEcelesiae
693 3968 823 4027 Doctores
835 3970 876 4025 in-

66 4064 194 4131 sinuant,
204 4059 320 4134 grandes
335 4061 461 4117 nimirum
468 4061 807 4131 excellentiariter-trorum,
817 4076 876 4133 pre·

67 4156 160 4211 tiosos
174 4153 294 4211 claritate
302 4155 509 4225 signorutn,qul
521 4154 557 4210 ab
570 4156 627 4225 ipsu
635 4152 749 4209 bunrino
764 4158 874 4213 terbum

67 4246 592 4303 erudientestotamcrescentissscclcsiau
605 4244 732 4303 fabricam
746 4263 795 4303 sua
812 4263 876 4318 praa·

66 4338 878 4412 dicationegenueruntQuosvidelicetlapidesliexqnadra-

68 4450 102 4491 rc
115 4434 254 4505 praecepit,
276 4444 304 4489 ut
317 4434 460 4505 magistros
468 4432 598 4489 Ecclesiae
611 4435 777 4506 compositos
791 4436 875 4492 ariori-

926 3509 968 3559 tet
978 3502 1118 3559 ‹traculum
1135 3503 1162 3558 iu
1174 3503 1303 3561 Sanctum
1315 3504 1497 3572 Sanctorum;
1516 3519 1531 3560 a
1547 3506 1639 3576 priore
1651 3516 1729 3577 parte

925 3594 1020 3666 terini
1032 3594 1148 3653 babebat
1161 3611 1197 3653 xx
1205 3596 1313 3653 cubitos
1326 3596 1513 3669 longitudinis,
1530 3607 1557 3654 et
1571 3613 1605 3653 xx
1620 3597 1729 3656 cubitos

926 3684 1089 3754 iatinrdinis,
1113 3697 1143 3743 et
1166 3698 1201 3744 ιι
1222 3688 1333 3744 cubitos
1346 3688 1509 3745 altitudinis.
1529 3688 1620 3745 Porro
1640 3689 1728 3760 ipsum

926 3782 1056 3853 templum
1072 3797 1128 3853 prae
1150 3779 1254 3839 loribus
1269 3784 1374 3839 oraculi
1389 3799 1425 3838 xv
1438 3784 1592 3839 cubitorum
1606 3791 1684 3859 erat,
1701 3785 1729 3840 in

925 3888 980 3945 quo
993 3884 1073 3930 erant
1085 3890 1198 3941 marusa,
1215 3882 1243 3931 et
1264 3876 1456 3951 candelabrum
1471 3875 1506 3931 de
1530 3890 1607 3930 auro.
1625 3872 1678 3931 Sed
1701 3886 1746 3945 et,

926 3968 1013 4024 altare
1026 3982 1139 4025 aureum
1163 3966 1249 4039 prope
1263 3971 1363 4025 ostium
1385 3966 1505 4034 oraculi,
1528 3978 1664 4041 quatenus
1688 3958 1749 4024 iu·'

927 4074 1012 4117 censo
1027 4061 1054 4117 in
1065 4076 1098 4116 eo
1111 4061 1286 4133 thymiamate
1300 4076 1384 4134 vapor
1395 4058 1461 4116 lumi
1475 4060 1628 4117 ascendens
1639 4062 1731 4132 opari-

926 4162 970 4209 ret
983 4153 1140 4220 oraculum,
1161 4153 1206 4209 ubi
1220 4163 1278 4209 erat
1292 4166 1355 4209 arca
1375 4151 1553 4218 Testamenti,
1569 4167 1654 4224 super
1675 4168 1728 4225 qua

927 4254 1007 4301 erant
1021 4244 1166 4301 Cherubim
1175 4244 1271 4316 glorias
1284 4244 1475 4300 obumbrantia
1491 4244 1572 4316 Propi
1586 4246 1727 4301 iatorlutn.

928 4336 1006 4393 Prior
1018 4352 1085 4407 ergo
1099 4336 1197 4394 danius
1218 4336 1318 4407 prioris
1331 4334 1461 4393 Ecclesia
1475 4346 1576 4393 statum
1592 4354 1600 4391 :
1614 4338 1730 4396 interior
1762 4368 1769 4379 ·

927 4430 991 4485 vitre
1005 4430 1126 4509 caelestis
1138 4429 1289 4502 ingressum
1304 4429 1438 4501 designat.
1454 4428 1531 4486 Urrde
1554 4439 1629 4487 recte
1642 4431 1729 4503 priori

69 4529 136 4596 bus,
152 4537 181 4585 et
193 4529 342 4585 irnrnobilos
353 4529 444 4585 arriana
457 4544 518 4585 esse
535 4529 635 4587 deluere
658 4532 787 4605 signaret.
802 4532 878 4591 Siout
929 4538 1031 4580 mensal
1043 4534 1071 4580 θῑ
1080 4522 1241 4579 willibaldi
1255 4530 1319 4579 ⁵¹¹¹st
1334 4521 1414 4587 sicli·
1427 4522 1490 4593 ‘1⁰5²
1503 4522 1631 4580 nimbum
1642 4523 1670 4580 5¹¹
1682 4524 1731 4581 ¹¹⁸⁶

68 4624 631 4695 ueroquadratumquocumquerertitur,
642 4626 736 4693 stabit,
747 4628 781 4682 ita
797 4629 877 4685 nimi-
890 4622 918 4685 b
930 4618 984 4674 *1¹³
998 4618 1100 4674 lumine
1114 4628 1268 4674 sanctitum
1284 4616 1496 4688 &simillima
1517 4628 1545 4674 0⁸
1564 4618 1729 4675 stenwelt·

71 4733 136 4775 rum
146 4717 201 4774 uita
216 4720 506 4790 perlectorumqruead
519 4712 640 4777 ueritatis
649 4720 749 4778 lineam
762 4724 878 4782 sollicite
931 4713 1180 4770 lortmtoelessl'wm
1195 4710 1345 4769 ῑθῐθθῑὶῡῦθ
1358 4727 1427 4782 ⁰P¹¹⁵
1440 4710 1587 4767 ¹¹²b0m¹¹⁸³
1599 4712 1732 4779 ΙΙΙ-[ΝΜΟ

70 4810 179 4869 directa
190 4820 241 4877 est,
257 4811 336 4867 nullis
353 4812 530 4867 tentationum
543 4813 704 4885 impulsibus
720 4828 790 4871 asua
804 4818 880 4872 novit
930 4816 1019 4864 aulem
1044 4806 1143 4862 bilbili
1168 4819 1223 4862 ¹¹⁰¹¹
1247 4806 1388 4875 eblblffllffi
1412 4803 1551 4871 ⁸¹¹ll³ldfisr
1581 4805 1629 4862 ubl
1651 4806 1732 4877 lum

71 4904 225 4961 stabilitate
237 4904 326 4975 dejici.
344 4904 408 4961 Erat
420 4916 510 4963 autern
521 4906 664 4980 Templum
681 4908 728 4964 bei
742 4922 878 4965 marnrore
930 4902 1081 4959 Psatrntsaar
1103 4914 1198 4956 vocem
1221 4901 1374 4970 quicunque
1389 4898 1557 4972 apparuerint
1570 4915 1630 4953 cam
1649 4900 1732 4972 jarri-

73 4998 166 5073 pario.
182 4998 254 5065 quod
268 5009 319 5064 est,
334 4999 422 5070 lapide
435 4999 496 5056 albo
509 4996 674 5068 ettrnbtum,
689 5009 719 5057 ut
732 5000 877 5058 candorem
930 4996 976 5061 ⁸5⁰.
988 4992 1151 5050 aartatanau
1171 4992 1306 5064 minimi
1318 4991 1403 5063 910'50
1417 4989 1533 5047 omini·
1549 4989 1578 5045 ¹¹³
1600 4989 1651 5045 ¹¹²⁰
1666 5005 1732 5062 “8⁰

76 5092 422 5151 Ecclesiasripaecasriratjs
435 5094 612 5166 exprimeret,
628 5096 724 5166 dequo
736 5098 763 5151 tn
777 5096 877 5153 amoris
932 5088 984 5144 vita
1000 5086 1082 5143 corda
1102 5086 1250 5157 justorum,
1274 5085 1351 5156 quasi
1370 5085 1456 5141 altare
1480 5082 1582 5137 incensi
1605 5098 1728 5151 aureum,

75 5186 192 5243 Carrrtico
216 5187 344 5243 bantinus
367 5188 422 5243 ait:
443 5187 519 5245 Sicut
534 5188 617 5244 liliam
639 5188 708 5245 inter
728 5190 827 5260 spinas,
841 5190 879 5245 ric
930 5179 1074 5253 splendida
1088 5178 1192 5251 iulgeat
1203 5194 1250 5251 per
1263 5177 1424 5234 rnuttditiam
1440 5175 1603 5233 sanctitatis.
1617 5176 1734 5233 Aroma·

76 5284 163 5340 arnico
177 5298 233 5337 mea
246 5284 312 5338 intcr
335 5282 413 5353 filias.
442 5282 562 5341 ilabebat
583 5284 653 5339 idem
672 5284 828 5339 accubitos
852 5282 879 5339 in
931 5274 1002 5331 tibus
1017 5280 1082 5329 sunt
1095 5271 1194 5329 referta
1208 5271 1404 5328 desideriorum
1418 5267 1609 5340 spiritualium,
1632 5268 1730 5325 incen-

80 5374 291 5447 longitudinem,
303 5390 355 5430 ιιι
372 5375 481 5431 cubitos
494 5376 521 5431 in
537 5374 882 5440 latitudinemxaxxcabi·
931 5367 978 5425 dio
992 5368 1106 5439 brittani
1119 5364 1362 5427 ambriifflblissllb
1375 5369 1402 5418 0²
1414 5362 1492 5465 (imi
1504 5361 1624 5417 Poelisllss
1636 5362 1732 5419 Ῑῦῑῐθῑ·

78 5479 124 5528 ιιι
148 5471 175 5524 in
199 5468 380 5525 altitudinem.
406 5466 557 5542 longitudo
578 5484 643 5539 ergo
669 5465 774 5535 Templi
800 5466 880 5549 tidem
934 5474 976 5519 tus
991 5463 1079 5531 posita
1090 5460 1281 5515 suavissimum
1294 5470 1351 5511 sua
1368 5454 1500 5509 oraunnis
1515 5468 1645 5524 uaporem
1661 5454 1732 5512 iuter

77 5570 184 5621 sancta
199 5562 327 5619 Ecclesiae
336 5561 472 5633 designat,
487 5575 534 5631 per
545 5575 626 5631 quarn
641 5559 831 5631 longanimiter
841 5561 879 5615 in·
932 5562 1025 5613 sarion
1047 5544 1484 5633 §³⁰010rt1ss181190ffl110ffl11bmb
1500 5545 1544 5600 “bt'
1555 5542 1675 5602 canan
1693 5556 1732 5603 ιιι

79 5670 124 5716 ter
139 5672 222 5727 opera
233 5670 280 5713 sua
292 5656 361 5710 bona
373 5669 515 5726 pravorum
526 5651 640 5708 adrersa
655 5652 752 5707 tollat:
768 5650 882 5708 latitudo
934 5650 961 5705 in
977 5648 1083 5703 ιιιιιιι
1097 5644 1147 5700 Dei
1160 5642 1265 5710 amena,
1280 5652 1361 5709 quern
1372 5638 1546 5708 apertissime
1560 5656 1623 5697 arca
1637 5640 1732 5696 Testa·

78 5749 262 5814 charitatem,
277 5762 329 5819 qua
344 5748 401 5817 ipsa
418 5747 491 5802 intus
505 5760 554 5817 per
573 5745 676 5799 uiscera
699 5742 807 5814 pietatis
822 5758 884 5816 spa·
934 5742 1030 5807 menti,
1041 5754 1103 5809 quaa
1115 5744 1174 5793 crat
1188 5736 1257 5789 intra
1273 5733 1375 5796 uelum,
1391 5730 1531 5803 desigoat;
1547 5736 1575 5791 in
1589 5750 1643 5806 qna
1657 5732 1730 5792 Urna

79 5845 188 5900 tiatur:
203 5836 315 5897 altitudo
328 5852 415 5910 spem,
437 5853 489 5911 qua
502 5844 614 5909 propter
627 5835 700 5893 bona
713 5849 808 5904 opera,
825 5851 884 5907 quas
935 5844 989 5891 erat
1004 5850 1084 5889 aaran
1095 5830 1191 5885 babens
1206 5828 1314 5892 branna,
1330 5833 1354 5880 rt
1370 5819 1450 5895 trapa
1470 5827 1569 5899 Amor,
1588 5845 1646 5899 qaae
1659 5830 1732 5899 {roa-
