4017 6317
46 340 98 399 ets

489 327 536 385 EX
556 326 671 386 OPERE
691 326 874 388 tristentuo
892 328 1132 388 anteuentuli
1154 329 1197 386 ΙΙΙ.

1638 324 1695 385 611

43 461 73 513 do
87 452 160 509 rantis
176 448 327 519 imperium,
343 455 423 518 atque
436 446 553 518 religiosi
575 446 751 518 imperatores
763 487 770 510 ,
786 445 833 500 tri·
848 452 877 517 Α
891 462 951 501 ntus
962 448 996 502 ab
1010 448 1052 511 iis,
1063 448 1108 516 qui
1120 446 1252 504 sitiebant
1265 444 1396 501 Ecclesiae
1408 442 1549 502 marronea.
1564 445 1686 516 requiam

44 548 114 611 lirini,
140 550 166 596 ot
183 540 265 595 duces
279 538 414 595 dirissima
438 538 574 610 republica
589 538 623 594 de
643 538 832 609 episcoporum

45 644 94 696 vita
118 645 242 704 statuque
265 641 467 689 exercerentur.
484 631 537 689 Sed
563 648 613 689 nce
634 632 726 703 populi
742 631 834 685 silent.

44 732 132 790 Omnis
144 728 241 783 etenim
258 725 414 783 fraternitas
428 725 552 782 omnibus
566 726 593 781 in
614 724 760 796 provinciis
771 737 834 778 sus·

44 839 121 899 pensa
137 838 168 877 ac
191 818 306 876 sollicita
321 819 498 890 exspectatio
511 832 591 890 quern
608 818 688 873 iinern
704 816 763 871 brec
776 828 835 871 ntu-

46 920 128 976 lorum
153 912 271 986 procella
297 912 439 969 succedat:
462 926 611 982 cursusque
634 910 692 982 ipse
713 908 837 981 publicus

46 1014 147 1067 attritus
160 1007 192 1062 ad
209 1006 323 1063 nibilum
342 1006 492 1063 deducitur.
507 1006 540 1061 111
561 1004 623 1077 quid
635 1002 775 1075 pluribus?
787 1002 838 1058 Or·

48 1118 87 1163 tus
102 1116 267 1173 occasusque
291 1101 385 1159 mundi
401 1108 510 1173 propter
529 1100 671 1156 utrumvel
691 1101 758 1155 duos
771 1112 839 1169 pau·

47 1212 143 1269 cosque
155 1195 303 1251 sceleratus
319 1194 402 1266 impie
415 1193 564 1251 sentientes
574 1202 601 1247 et
615 1191 730 1263 turpiter
745 1192 840 1255 viven-

49 1301 86 1347 tes
111 1287 230 1345 funditus
244 1288 371 1355 vertitur,
395 1296 423 1341 et
444 1286 511 1343 dura
534 1298 661 1356 sevaque
680 1290 841 1351 tempestate

50 1384 178 1447 turbatur,
205 1380 341 1449 inquibus
360 1378 433 1435 nulla
463 1378 600 1450 religionis
615 1377 718 1433 sentina
733 1376 844 1435 resede-

886 554 933 595 sua
955 540 1087 610 pravitate
1106 541 1225 597 tvvvbarc.
1246 539 1300 595 Sed
1312 549 1376 597 ante
1394 539 1487 595 oculos
1507 538 1639 595 babentes
1651 538 1687 593 ti·

887 646 991 687 morem
1008 632 1064 698 bei,
1087 630 1220 709 judicium
1241 628 1343 688 Cbristi
1357 646 1449 689 rerum
1464 640 1492 689 ct
1500 632 1603 699 iustum
1616 642 1687 686 eorv-

887 724 1049 789 siderantes,
1067 725 1167 781 nultius
1182 739 1326 795 personam
1349 727 1515 795 recepimus,
1528 740 1616 796 neque
1635 722 1688 779 ali⁴

888 818 933 875 eui
955 820 1138 891 pepercimus,
1151 834 1205 890 quo
1227 819 1316 875 sitinus
1336 819 1550 877 ecclesiasticam
1564 818 1687 890 discipli-

889 926 950 967 nam
963 927 1144 969 servaremus.
1160 910 1343 969 Undelulium
1359 913 1433 969 urbis
1443 912 1548 979 Romae,
1566 911 1685 983 dasium,

890 1015 918 1063 et
929 1005 1120 1077 protogenem,
1136 1015 1163 1061 et
1175 1003 1367 1069 Gaudentium,
1378 1005 1589 1063 etllatinrinum
1604 1005 1690 1062 a‘lri-

892 1098 965 1154 veris
979 1097 1119 1154 damnavit
1132 1111 1215 1153 ontne
1228 1096 1374 1155 concilium
1395 1098 1543 1155 secundum
1554 1098 1690 1170 antiquis·

891 1194 987 1250 simam
1003 1192 1100 1267 legem,
1117 1204 1145 1248 ut
1163 1200 1290 1251 auctores
1312 1193 1512 1249 communionis
1524 1194 1646 1251 liarceiii
1664 1203 1692 1251 et

893 1287 1036 1347 Athanasii
1050 1299 1266 1362 caeterorumque
1280 1288 1486 1357 sceleratorum,
1501 1293 1601 1364 quique
1609 1294 1692 1348 etiam

893 1383 1047 1441 homicidiis
1063 1384 1137 1439 Pauli
1149 1381 1441 1455 Constantinopolitani
1452 1392 1481 1441 et
1491 1388 1612 1442 cruentis
1625 1387 1694 1441 acti·

56 1484 114 1529 nun
125 1491 131 1527 :
143 1488 202 1544 qnce
215 1472 237 1527 si
256 1470 424 1538 imbuissent,
446 1471 617 1527 imitarentur
628 1470 786 1540 proplietam
802 1470 843 1525 di·
895 1476 1299 1549 pusejuspommnnipavempr,
1313 1477 1492 1549 protogenem
1504 1494 1620 1551 namque
1630 1495 1693 1537 ὥς,

51 1574 167 1623 centem:
182 1562 286 1630 Tollite,
298 1574 323 1621 et
332 1565 424 1619 mittite
448 1581 488 1621 ute
501 1564 527 1618 in
542 1580 621 1629 arture,
636 1562 844 1634 ettrnnqnillnlit
895 1569 1151 1627 ppptppfflpquppm
1175 1586 1228 1626 pua
1247 1586 1308 1627 epm
1332 1569 1472 1639 apameno,
1497 1572 1696 1629 sppsppqpppqp

52 1676 141 1715 orrico
151 1660 230 1727 eolis,
253 1659 358 1731 quondo
376 1657 431 1713 ltoec
444 1667 578 1728 teutpertus
603 1668 708 1731 propter
722 1674 761 1713 rne
774 1661 845 1729 [octo
897 1664 1055 1735 frequenter
1069 1662 1211 1721 sententies
1223 1662 1250 1719 iu
1265 1664 1352 1735 ipsum
1367 1664 1409 1718 rel
1429 1663 1458 1718 in
1471 1665 1531 1736 ejus
1544 1666 1644 1723 librum
1655 1666 1697 1722 in·

53 1766 86 1809 eal
99 1753 182 1829 (1011111
204 1770 224 1821 l,
250 1754 305 1827 li).
321 1752 375 1809 Sed
398 1754 458 1811 ideo
474 1752 531 1809 lioec
547 1769 599 1811 tioti
616 1754 768 1819 imitantur,
783 1754 845 1825 quill
899 1760 977 1825 lalae;
991 1760 1091 1829 quique
1101 1760 1182 1815 etiarn
1194 1758 1220 1813 in
1232 1758 1343 1813 Pnulrrm
1365 1757 1696 1829 Constantippppoliqqppffl

56 1865 101 1906 nee
121 1850 207 1920 justos
226 1857 393 1917 sequuntur:
408 1848 446 1904 ita
467 1856 556 1903 autern
577 1848 771 1903 sceleratorum
786 1862 844 1902 out-
862 1852 1061 1927 Bsententiam
1090 1851 1233 1919 dederunt,
1257 1850 1336 1907 etilli
1360 1859 1454 1922 possea
1476 1854 1697 1911 communium.

55 1946 121 1999 nium
146 1945 229 2000 duces
255 1951 379 2015 quaerunt
401 1942 530 1999 Ecclesiae
557 1940 843 2013 principatumque
900 1954 972 2001 runt.
990 1944 1169 2003 Gaudentium
1180 1954 1283 2011 autent,
1297 1954 1328 2001 ot
1339 1945 1529 2004 immemorem
1543 1948 1699 2005 decessoris

56 2036 156 2108 aliquod
172 2034 321 2107 tyrannidis
336 2050 460 2107 regnunt.
900 2040 941 2095 sui
956 2037 1062 2111 Cyriaei
1085 2038 1282 2095 subscribentis
1295 2040 1439 2096 sententiis
1454 2042 1480 2096 iu
1491 2033 1641 2097 sceleratos
1654 2038 1698 2095 di·

89 2128 132 2185 att.
145 2128 251 2183 iudicio
265 2128 422 2201 sponderent
434 2144 486 2185 non
499 2127 673 2182 retroctonclo.
684 2156 719 2167 -
729 2124 784 2183 Nec
799 2125 851 2183 boe
900 2144 952 2201 gne
970 2129 1071 2194 inlutis,
1098 2131 1329 2202 eoumrixtumque
1349 2132 1507 2189 erivninibns
1517 2132 1603 2198 Pauli,
1616 2146 1699 2204 quent

59 2232 162 2293 propter
174 2223 273 2279 bouum
287 2237 395 2292 quoque
407 2220 522 2293 iustitie
537 2221 687 2293 inquirunt.
702 2220 760 2277 Nou
777 2221 850 2276 euim
901 2223 983 2278 etiam
1000 2223 1170 2293 impudenter
1181 2223 1353 2281 defendebat.
1363 2223 1463 2281 lulium
1475 2240 1541 2282 vero
1555 2226 1631 2281 urbis
1645 2225 1699 2281 Ro·

61 2314 183 2373 Ecclesiis
204 2316 360 2381 consulunt,
388 2315 433 2388 qui
450 2314 522 2385 leges
535 2312 654 2385 juraque
674 2312 776 2379 divina,
801 2310 851 2385 (et)
902 2331 964 2383 vitm,
988 2324 1018 2371 ut
1038 2316 1186 2387 principem
1207 2325 1235 2373 et
1251 2316 1348 2374 ducent
1377 2318 1520 2384 rnaiorom,
1535 2320 1579 2390 qui
1594 2319 1698 2390 primus

66 2420 218 2468 ceterorum
234 2411 343 2467 decreta
356 2409 505 2465 dissolvere
517 2415 705 2479 perconantur.
720 2406 850 2478 Propter·
901 2406 1012 2477 jautram
1026 2404 1224 2465 comtviunionis
1244 2410 1476 2488 sceleratisatque
1487 2412 1622 2469 damnatis
1634 2427 1699 2483 ape·

63 2520 91 2559 ea
105 2506 170 2561 trane
192 2505 339 2561 novitatem
355 2502 538 2559 moliebantur
550 2498 690 2567 inducere,
701 2514 781 2572 quiam
792 2498 852 2555 nor-

64 2606 188 2663 retvetus
208 2596 376 2654 consuetudo
392 2596 532 2661 Ecclesiae,
544 2608 574 2651 ut
589 2595 616 2649 in
630 2594 747 2651 coneilio
757 2592 853 2651 Orien·

66 2692 128 2747 tales
140 2692 258 2763 episcopi
273 2688 404 2763 quidquid
422 2691 490 2745 itirte
513 2688 680 2755 statuissent,
701 2687 735 2743 ab
748 2689 855 2759 episeo-

904 2499 966 2567 ruit,
983 2502 1143 2572 ceterisque
1157 2501 1260 2557 aditum
1276 2501 1341 2561 lecit
1356 2503 1390 2559 ad
1404 2505 1535 2560 solvenda
1547 2504 1610 2576 jura
1622 2504 1694 2561 divi·

905 2610 957 2651 na:
982 2594 1198 2667 defendebatque
1217 2596 1394 2653 Atltauasiunt
1414 2608 1704 2669 praesrrmerrteratque

905 2688 1046 2756 audacter,
1072 2690 1207 2745 iiorvrinem
1229 2689 1307 2761 errius
1333 2704 1384 2747 uec
1409 2695 1493 2747 testes
1507 2700 1630 2756 nouerat,
1653 2702 1705 2745 nec

67 2788 103 2857 pis
124 2786 342 2843 Occidentalibns
366 2783 556 2849 refricaretur-3
579 2782 703 2839 similiter
724 2779 855 2854 quidquid
905 2793 1089 2841 accusatores.
1115 2782 1169 2841 Sed
1189 2783 1297 2840 0ssium
1312 2796 1425 2855 propter
1444 2784 1627 2856 supradictam
1640 2798 1707 2841 cau·

66 2877 271 2935 Occidentalium
289 2877 372 2950 662
392 2876 506 2947 partiunt
527 2874 658 2947 episcopi,
687 2875 721 2931 ab
735 2874 857 2931 0riema·
907 2894 976 2947 satvr,
993 2878 1111 2951 11663
1125 2878 1409 2949 propterbeartssima
1420 2880 1558 2936 memorie
1575 2879 1705 2946 blancum,

67 2970 129 3027 libus
143 2973 302 3029 solveretur.
317 2969 372 3026 Sed
384 2971 435 3024 line
450 2984 482 3023 er
499 2968 544 3023 illo
557 2984 607 3023 suo
623 2968 785 3038 pravissimo
796 2982 858 3023 seu-
908 2974 951 3029 cpi
969 2987 1068 3045 graves
1091 2986 1200 3042 seraper
1227 2971 1339 3042 injurias
1351 2972 1504 3043 inrogavit:
1524 2972 1573 3027 sed
1595 2970 1705 3041 etquod

67 3078 94 3119 su
109 3065 268 3122 tractabunt.
282 3063 380 3119 Verum
395 3064 515 3118 omnium
529 3060 703 3117 conciliorum
711 3060 783 3133 iuste
793 3060 860 3131 legi·
909 3067 994 3123 malos
1008 3078 1104 3121 omnes
1117 3080 1166 3136 pro
1175 3064 1334 3124 criminibus
1345 3066 1402 3121 suis
1415 3065 1497 3137 digne
1508 3064 1651 3121 damnatos
1666 3074 1709 3121 to·

69 3155 177 3229 timeque
192 3169 314 3215 1010111111
336 3155 443 3212 decim
467 3154 597 3209 sllfflissdi
615 3195 622 3221 ι
646 3154 778 3224 ffl³l⁰l¹¹¹¹¹
793 3168 858 3209 ¹¹0⁸·
911 3160 946 3216 tis
958 3160 1062 3215 viribus
1073 3159 1245 3227 defendebat,
1262 3170 1290 3217 ct
1300 3159 1374 3233 quod
1386 3157 1539 3215 convixerit
1552 3158 1580 3215 in
1594 3158 1708 3216 Oriente

67 3256 163 3306 iteruin
174 3260 248 3325 805111
260 3249 431 3319 cortsignttui.
449 3246 514 3303 Natu
529 3246 555 3301 111
571 3247 638 3303 urbe
652 3246 737 3303 11011111
752 3245 790 3319 (rt)
807 3246 857 3303 suli
872 3256 895 3323 C
911 3268 972 3309 ctam
994 3252 1133 3308 sceleratis
1146 3267 1178 3307 ac
1187 3253 1307 3322 perditis,
1324 3251 1451 3323 Turpiter
1461 3266 1578 3323 namque
1593 3248 1707 3307 Paulino

68 3341 163 3401 bovam
189 3352 218 3402 et
237 3343 355 3401 Sabellio
379 3350 406 3397 et
430 3339 575 3397 Valentino
598 3340 733 3397 linieticis
758 3340 858 3395 sactum
910 3346 1046 3419 quioniam
1066 3343 1291 3416 episenpnbaciae
1306 3342 1712 3411 tituivtnnnsatiticnstnn,io-

69 3438 217 3507 concilium,
238 3437 272 3492 tib
295 3434 478 3492 Orientalibus
505 3432 692 3490 eonllrtnatuut
722 3441 764 3489 esi
790 3450 796 3487 :
832 3440 860 3489 ei
911 3441 979 3499 mirri
995 3442 1040 3513 qui
1056 3442 1143 3511 primo
1162 3438 1448 3498 demalespciigfpepit
1468 3450 1611 3497 aecusatus
1633 3437 1711 3495 etde

70 3528 159 3586 iterutn
183 3532 211 3587 111
245 3529 355 3585 (illeille
374 3528 425 3583 snb
449 3527 531 3583 Paulo
551 3523 589 3600 (1)
614 3526 762 3585 Samosatis
789 3524 860 3598 quud
913 3536 1033 3593 Ecclesia
1057 3536 1162 3605 pulsus,
1182 3534 1309 3605 [laqueist
1321 3533 1482 3590 hodieq-num
1500 3530 1572 3588 diem
1594 3533 1621 3586 jn
1640 3544 1708 3601 apo.

71 3636 190 3685 statutum
215 3638 267 3696 est,
291 3629 326 3683 ab
349 3627 477 3684 omnibus
491 3636 533 3682 est
556 3628 701 3697 signamur.
717 3622 859 3694 uit-qnam

72 3734 122 3774 rem
135 3725 275 3777 imitamur
295 3736 354 3788 vus,
370 3718 539 3775 dilectissimi
553 3716 673 3785 Fratres,
690 3714 863 3771 consideran·

73 3822 108 3867 tes
131 3817 255 3871 ordinem
271 3812 461 3869 ecclesiastice
483 3810 644 3883 discipline,
663 3819 691 3865 et
706 3809 765 3879 paci
780 3808 863 3863 totius

73 3909 332 3975 orbisconsuleutes,
344 3906 499 3977 corripiatis
514 3920 563 3961 ens
576 3904 623 3977 qui
636 3902 774 3962 sceleratis
788 3918 863 3957 cont-

74 4005 214 4073 mnnicant,
229 4011 256 4061 et
270 4004 358 4059 maios
368 4001 403 4057 de
416 3998 540 4057 eeclesiis
559 3998 687 4055 radicitus
701 3994 862 4067 amputetis:

74 4105 99 4153 ui
114 4104 269 4171 ierupestnte
289 4101 383 4152 rttente
399 4094 520 4165 ipsorum
535 4106 627 4159 eausa,
644 4091 770 4145 innatans
785 4088 864 4145 Clvrl·

75 4202 127 4251 stus
142 4200 270 4257 Dominus
289 4198 415 4255 onmibns
431 4198 546 4267 imperet
571 4193 658 4249 ventis
685 4188 864 4262 proculusque

75 4296 209 4351 maritimis
223 4294 375 4363 discedere,
386 4301 415 4351 et
435 4293 535 4347 tribunt
547 4286 677 4345 Ecclesia
697 4296 797 4343 sanctu·
812 4300 862 4356 pa·

76 4398 128 4441 cent
142 4398 295 4458 perpetuam
307 4397 334 4444 et
346 4388 474 4459 quietam.

107 4476 151 4535 27.
172 4478 320 4555 Precipuoa
336 4496 367 4537 ex
380 4475 589 4535 (incidentalibus
600 4476 743 4530 domitent:
757 4486 815 4528 eur.
830 4502 865 4511 -

77 4572 126 4631 Nus
140 4594 203 4635 vero
222 4580 286 4635 nulli
301 4576 425 4649 injuriam
446 4575 570 4643 iacimus,
582 4571 629 4629 sed
647 4571 714 4641 legis
728 4578 866 4641 prreceptu

912 3631 993 3685 stasia
1019 3643 1180 3701 permanens
1191 3642 1252 3684 cnm
1277 3627 1435 3684 concubinis
1458 3625 1567 3697 publice
1578 3635 1605 3681 et
1620 3639 1711 3681 ntere-

913 3722 1026 3778 tricibus
1042 3721 1199 3789 lortrieetur,
1220 3720 1297 3790 cujus
1311 3719 1504 3775 rtrnlebciorum
1526 3716 1712 3774 librosldaec-

913 3811 1012 3869 nonius
1032 3813 1176 3882 episcopus
1205 3823 1287 3882 atque
1310 3814 1452 3867 cottiesser
1476 3824 1492 3863 a
1519 3808 1614 3879 ilopsn
1635 3822 1714 3863 corn·

916 3904 1012 3960 bussit.
1039 3902 1093 3960 Sed
1120 3915 1147 3959 et
1171 3902 1209 3975 (c)
1243 3900 1369 3957 Eustasio
1394 3910 1422 3957 et
1444 3900 1580 3968 Quintatio
1618 3897 1712 3955 auna-

915 4001 991 4057 rebat
1021 3998 1138 4070 pessime
1157 4007 1185 4053 et
1206 4010 1286 4052 carus
1312 3995 1374 4061 luit,
1399 3994 1435 4052 de
1457 3991 1648 4065 quorumvitce
1669 3992 1715 4048 iu·

915 4094 996 4149 lamia
1012 4092 1083 4162 turpi
1096 4089 1243 4147 dicendum
1256 4087 1324 4143 nibil
1337 4097 1397 4144 est:
1413 4087 1506 4143 esitus
1519 4087 1592 4141 enirn
1607 4084 1716 4140 illorum

916 4202 964 4243 ens
986 4185 1110 4241 omuibus
1124 4180 1283 4239 declaravit.
1298 4180 1346 4236 llis
1359 4182 1450 4251 ltaque
1471 4194 1503 4235 ac
1526 4177 1717 4247 talibusjunc·

917 4292 959 4337 tus
974 4282 1009 4335 ab
1033 4279 1109 4336 initio
1122 4276 1229 4343 Ossins,
1241 4275 1382 4332 sceleratis
1397 4288 1505 4343 semper
1524 4272 1636 4341 lavetis,
1649 4286 1718 4329 cou-

919 4384 957 4431 tra
967 4372 1117 4429 Ecclesiam
1131 4370 1267 4437 veniebat,
1278 4378 1306 4425 et
1318 4368 1435 4425 inimicis
1447 4368 1609 4439 lleisetuper
1617 4367 1720 4425 serebat

917 4468 1058 4526 auxilium.
1069 4466 1241 4522 Maximinum
1255 4478 1320 4520 vero
1339 4463 1500 4531 aTriveris,
1515 4472 1626 4533 propter
1644 4464 1719 4535 quod

919 4563 1038 4635 collegas
1056 4569 1163 4619 nostros
1177 4559 1218 4635 (i)
1241 4561 1396 4629 episcopos,
1411 4574 1479 4629 quos
1502 4555 1536 4613 ad
1552 4556 1656 4615 Gallias
1666 4554 1720 4613 mi·

78 4686 221 4735 servumns.
235 4678 301 4735 Nam
313 4674 432 4750 injuriati
443 4675 601 4749 gravitaret
619 4673 691 4728 male
704 4669 811 4727 tractati
823 4682 866 4722 su·
882 4656 1054 4726 Dseramus,
1069 4656 1187 4714 noluerit
1200 4652 1349 4726 suscipere,
1362 4664 1391 4710 et
1400 4652 1527 4725 quoniam
1542 4652 1627 4711 Panlo
1649 4652 1722 4709 Con·

113 4840 146 4911 lo)
167 4842 222 4901 tine
243 4843 330 4914 ipsum
352 4852 425 4895 nunc
445 4842 580 4908 repetunt,
596 4831 733 4905 quodiam
753 4846 798 4914 un.
813 4828 864 4886 511

81 4918 211 4983 ruitquesti
223 4928 312 4980 erant,
323 4928 383 4969 cum
394 4908 503 4981 indigne
518 4907 636 4965 serentes
648 4905 720 4975 quod
732 4902 820 4959 lubus
834 4904 867 4955 ab

81 4980 405 5055 brienvattbnscepnsuos
427 4982 484 5037 sedi
508 4996 563 5037 sue
584 4979 757 5044 restituisset,
774 4976 869 5057 nitito·

82 5053 145 5113 thiae
168 5060 320 5129 cnrtqreqnti
348 5056 556 5123 rescripserunt,
583 5067 635 5106 nort
661 5048 751 5103 delere
770 5044 868 5115 olvrpao

82 5125 180 5197 discuti,
203 5134 225 5186 si
240 5146 302 5201 quos
317 5128 368 5196 ipsi
390 5125 502 5179 ecclesiis
516 5124 569 5177 sula
580 5120 707 5195 expellere
720 5118 869 5181 uoluissent,

83 5212 156 5267 neque
170 5203 233 5255 enim
247 5218 273 5255 se
287 5197 474 5253 contradixisse
496 5206 565 5258 tuuc,
580 5209 636 5247 curn
653 5190 677 5245 Ν
681 5199 769 5246 neotus
781 5186 870 5241 Eccle-

84 5268 118 5321 siu
129 5270 222 5339 ejectus
237 5280 283 5327 est.
298 5270 354 5325 Nisi
375 5268 446 5340 quud
470 5264 632 5328 brutini-biae,
645 5273 675 5316 ut
691 5274 762 5315 tvttnc
774 5274 806 5315 es
821 5260 872 5313 Su-

84 5352 152 5396 crate
167 5344 327 5407 andivimus,
341 5341 389 5396 lib.
402 5355 431 5404 vt,
445 5355 470 5393 e.
484 5337 528 5403 lb,
540 5345 566 5389 et
577 5334 774 5390 confirmatura
789 5328 873 5385 Sozo-

87 5424 162 5467 meuo
179 5414 225 5469 lib.
238 5430 278 5481 ιιι,
292 5430 318 5468 c.
331 5412 357 5474 8,
370 5411 426 5467 sola
435 5416 527 5465 eontra
537 5406 669 5463 Novacum
679 5410 753 5475 qesta
771 5414 874 5457 irremo-

56 5524 57 5537 .
86 5494 142 5537 iuut
154 5502 160 5537 :
174 5488 214 5541 eui
230 5500 302 5541 rtttuc
318 5482 467 5555 adjrruguui
482 5477 631 5535 Sabellium
643 5491 674 5531 ac
688 5474 869 5529 Valentinum.

57 5560 59 5605 J
87 5549 203 5611 Romano
221 5564 310 5611 trutetu
336 5555 453 5611 concilio
477 5550 609 5606 Novarum
634 5548 789 5602 daimmtuvn
812 5558 874 5599 esse

57 5624 59 5635 ’
87 5636 183 5681 euivstat
197 5644 229 5684 ex
242 5626 368 5692 Eusebio,
385 5626 432 5680 lib.
449 5638 474 5678 vt
486 5622 566 5689 illst,
579 5636 604 5675 e.
618 5620 663 5674 tt.
680 5622 719 5673 nn
737 5618 762 5670 iu
778 5613 872 5669 eadem

87 5696 189 5754 civitate
212 5698 373 5767 specialibus
388 5696 497 5767 synodis
515 5692 615 5763 pariter
630 5689 747 5743 vlatttnnti
762 5687 814 5740 siut
828 5684 877 5741 Sn-

88 5764 178 5826 britius
189 5786 220 5827 ac
232 5770 399 5836 llaievuinus,
410 5766 482 5823 nullo
492 5764 547 5819 alio
560 5772 684 5819 veterum
699 5766 876 5816 monumento

88 5850 158 5897 certo
173 5846 283 5899 scimus.

959 4821 996 4893 lb>
1019 4816 1090 4875 nitu
1104 4831 1135 4873 ac
1148 4830 1199 4872 ms.
1210 4814 1297 4883 Pitin,
1309 4814 1411 4870 mortua
1421 4814 1467 4869 oir.
1482 4813 1577 4871 bietine
1590 4814 1673 4873 Sient.
1689 4829 1723 4871 cx

923 4910 974 4953 ms.
992 4892 1099 4962 lierniq.
1118 4888 1274 4944 Sarnosotir.

960 4965 996 5039 (c)
1016 4963 1044 5019 st
1058 4961 1217 5019 Eustatbius
1239 4957 1426 5015 dntiocbenus
1447 4957 1491 5014 bie
1503 4957 1679 5029 intelligatur,
1696 4954 1724 5013 ci

922 5037 1056 5109 opinioni,
1072 5050 1124 5103 qrva
1140 5033 1249 5087 illutnet
1259 5044 1321 5087 ante
1333 5031 1494 5087 sardicense
1504 5031 1647 5085 concilium
1658 5039 1685 5084 et
1695 5027 1722 5083 in

923 5109 1020 5167 exsilio
1033 5106 1134 5160 «sitiisse
1146 5112 1250 5173 putant,
1268 5102 1332 5157 ltine
1355 5103 1438 5158 robrir
1459 5100 1582 5157 accedet.
1594 5102 1661 5156 'lirin
1673 5114 1723 5169 pro

926 5180 1069 5249 Qttr'ntntin,
1088 5175 1235 5247 legendum
1260 5173 1382 5228 Cimolia.
1397 5174 1468 5229 liuns
1483 5180 1572 5227 autent
1584 5170 1723 5235 Cirttalios,

924 5268 1009 5309 ιιιιιιιιι
1034 5248 1113 5311 ratri,
1136 5247 1252 5302 alterum
1274 5245 1386 5307 Tarudi,
1401 5244 1567 5303 Athanasius
1589 5243 1622 5296 od
1645 5240 1724 5298 Solii.

944 5340 986 5394 aq.
1013 5320 1067 5378 sta
1088 5326 1221 5374 memorat
1240 5318 1266 5371 in
1279 5316 1402 5373 exsilium
1416 5315 1450 5370 ab
1468 5313 1579 5369 Arianis
1589 5312 1725 5367 detrusos.

923 5339 1018 5467 Reque
1032 5390 1141 5447 dubium
1157 5398 1211 5451 est,
1233 5390 1316 5444 alium
1337 5388 1381 5442 liic
1401 5403 1415 5441 a
1435 5382 1552 5440 Civitatis
1573 5383 1641 5439 Patlti
1656 5381 1728 5437 desi-

925 5468 1017 5538 qnari3
1044 5464 1142 5535 quippe
1166 5477 1245 5533 quem
1269 5477 1301 5515 es
1323 5460 1420 5514 eodem
1442 5454 1593 5511 Attvauusiu
1619 5454 1652 5509 ad
1672 5453 1729 5510 dn·

927 5540 1024 5603 tinctu,
1038 5553 1098 5606 pag.
1115 5534 1179 5599 515,
1203 5542 1264 5604 post
1274 5530 1422 5585 concilium
1437 5526 1649 5581 nietamlrinum
1665 5524 1730 5581 atini

928 5608 983 5665 362
998 5609 1087 5663 adbuc
1102 5606 1128 5659 iu
1157 5604 1224 5659 vivis
1240 5600 1377 5657 exstitisse
1392 5596 1565 5653 inanitesunn
1578 5606 1630 5653 est.

966 5678 1007 5753 (d)
1027 5678 1182 5736 Narcissum
1196 5673 1269 5737 scii,
1284 5671 1391 5733 Marini,
1417 5667 1604 5735 Tbeovlorum,
1618 5680 1645 5724 et
1660 5668 1732 5725 blar-

930 5768 1002 5815 envn,
1016 5766 1099 5818 vinos,
1114 5750 1218 5818 aliquot
1231 5757 1339 5799 menses
1361 5748 1423 5811 post
1443 5736 1589 5795 concilium
1604 5740 1730 5797 Antiocb.

930 5841 975 5881 ou.
1001 5820 1066 5893 511,
1083 5821 1117 5875 ab
1141 5814 1302 5874 Eusebianis
1319 5811 1354 5867 ad
1375 5810 1555 5869 Constantem
1581 5812 1607 5869 in
1630 5812 1734 5872 Galliae
